<?xml version="1.0" encoding="UTF-8"?>
<!DOCTYPE html PUBLIC "-//W3C//DTD XHTML 1.0 Transitional//EN"
    "http://www.w3.org/TR/xhtml1/DTD/xhtml1-transitional.dtd">
<html xmlns="http://www.w3.org/1999/xhtml" xml:lang="en" lang="en">
 <head>
  <title>
</title>
<meta http-equiv="Content-Type" content="text/html;charset=utf-8" />
  <meta name='ocr-system' content='tesseract 3.04.00' />
  <meta name='ocr-capabilities' content='ocr_page ocr_carea ocr_par ocr_line ocrx_word'/>
</head>
<body>
  <div class='ocr_page' id='page_1' title='image "aeneidbooki1896virguoft_0045.png"; bbox 0 0 1731 2573; ppageno 0'>
   <div class='ocr_carea' id='block_1_1' title="bbox 529 167 1093 929">
    <p class='ocr_par' dir='ltr' id='par_1_1' title="bbox 529 167 1093 929">
     <span class='ocr_line' id='line_1_1' title="bbox 529 167 1093 929; baseline 0 1644"><span class='ocrx_word' id='word_1_1' title='bbox 529 167 1093 929; x_wconf 95' lang='lat' dir='ltr'><strong> </strong></span> 
     </span>
    </p>
   </div>
   <div class='ocr_carea' id='block_1_2' title="bbox 551 959 1067 991">
    <p class='ocr_par' dir='ltr' id='par_1_2' title="bbox 551 959 1067 991">
     <span class='ocr_line' id='line_1_2' title="bbox 551 959 1067 991; baseline 0.002 -6"><span class='ocrx_word' id='word_1_2' title='bbox 551 959 700 991; x_wconf 77' lang='lat' dir='ltr'>VERGIL,</span> <span class='ocrx_word' id='word_1_3' title='bbox 719 959 796 985; x_wconf 85' lang='lat' dir='ltr'><strong>THE</strong></span> <span class='ocrx_word' id='word_1_4' title='bbox 814 960 948 986; x_wconf 87' lang='lat' dir='ltr'><strong>ROMAN</strong></span> <span class='ocrx_word' id='word_1_5' title='bbox 966 960 1067 986; x_wconf 86' lang='lat' dir='ltr'>POET.</span> 
     </span>
    </p>
   </div>
   <div class='ocr_carea' id='block_1_3' title="bbox 179 1092 1424 1162">
    <p class='ocr_par' dir='ltr' id='par_1_3' title="bbox 179 1092 1424 1162">
     <span class='ocr_line' id='line_1_3' title="bbox 179 1092 1424 1162; baseline 0 -1"><span class='ocrx_word' id='word_1_6' title='bbox 179 1095 235 1162; x_wconf 91' lang='grc' dir='ltr'><strong>Ρ.</strong></span> <span class='ocrx_word' id='word_1_7' title='bbox 284 1094 595 1161; x_wconf 84' lang='lat' dir='ltr'>VERGILI</span> <span class='ocrx_word' id='word_1_8' title='bbox 654 1092 993 1158; x_wconf 78' lang='lat' dir='ltr'><strong>MARONIS</strong></span> <span class='ocrx_word' id='word_1_9' title='bbox 1044 1093 1424 1161; x_wconf 86' lang='lat' dir='ltr'><strong>AENEIDOS</strong></span> 
     </span>
    </p>
   </div>
   <div class='ocr_carea' id='block_1_4' title="bbox 593 1240 1027 1278">
    <p class='ocr_par' dir='ltr' id='par_1_4' title="bbox 593 1240 1027 1278">
     <span class='ocr_line' id='line_1_4' title="bbox 593 1240 1027 1278; baseline -0.002 0"><span class='ocrx_word' id='word_1_10' title='bbox 593 1241 766 1278; x_wconf 89' lang='lat' dir='ltr'>LIBER</span> <span class='ocrx_word' id='word_1_11' title='bbox 800 1240 1027 1278; x_wconf 90' lang='lat' dir='ltr'><strong>PRIMUS.</strong></span> 
     </span>
    </p>
   </div>
   <div class='ocr_carea' id='block_1_5' title="bbox 554 1457 1063 1502">
    <p class='ocr_par' dir='ltr' id='par_1_5' title="bbox 554 1457 1063 1502">
     <span class='ocr_line' id='line_1_5' title="bbox 554 1457 1063 1502; baseline -0.002 -10"><span class='ocrx_word' id='word_1_12' title='bbox 554 1458 707 1502; x_wconf 68' lang='lat' dir='ltr'><strong>Prcfface</strong></span> <span class='ocrx_word' id='word_1_13' title='bbox 732 1458 813 1491; x_wconf 80' lang='lat' dir='ltr'><strong>and</strong></span> <span class='ocrx_word' id='word_1_14' title='bbox 832 1457 1063 1491; x_wconf 79' lang='lat' dir='ltr'><strong>Jnvocatz‘on.</strong></span> 
     </span>
    </p>
   </div>
   <div class='ocr_carea' id='block_1_6' title="bbox 235 1537 1308 2395">
    <p class='ocr_par' dir='ltr' id='par_1_6' title="bbox 253 1537 1254 1583">
     <span class='ocr_line' id='line_1_6' title="bbox 253 1537 1254 1583; baseline -0.002 -10"><span class='ocrx_word' id='word_1_15' title='bbox 253 1539 350 1573; x_wconf 87' lang='lat' dir='ltr'><strong>ILLE</strong></span> <span class='ocrx_word' id='word_1_16' title='bbox 367 1549 449 1583; x_wconf 81' lang='lat' dir='ltr'><strong>ego,</strong></span> <span class='ocrx_word' id='word_1_17' title='bbox 471 1538 533 1583; x_wconf 88' lang='lat' dir='ltr'><strong>qui</strong></span> <span class='ocrx_word' id='word_1_18' title='bbox 551 1537 739 1583; x_wconf 82' lang='lat' dir='ltr'>quondam</span> <span class='ocrx_word' id='word_1_19' title='bbox 758 1537 886 1581; x_wconf 82' lang='lat' dir='ltr'>gracili</span> <span class='ocrx_word' id='word_1_20' title='bbox 904 1537 1116 1571; x_wconf 83' lang='lat' dir='ltr'>modulatus</span> <span class='ocrx_word' id='word_1_21' title='bbox 1135 1547 1254 1571; x_wconf 87' lang='lat' dir='ltr'><strong>avena</strong></span> 
     </span>
    </p>

    <p class='ocr_par' dir='ltr' id='par_1_7' title="bbox 250 1595 1040 1640">
     <span class='ocr_line' id='line_1_7' title="bbox 250 1595 1040 1640; baseline -0.004 -9"><span class='ocrx_word' id='word_1_22' title='bbox 250 1608 412 1638; x_wconf 80' lang='lat' dir='ltr'><strong>carmen,</strong></span> <span class='ocrx_word' id='word_1_23' title='bbox 433 1602 469 1631; x_wconf 85' lang='lat' dir='ltr'><strong>et</strong></span> <span class='ocrx_word' id='word_1_24' title='bbox 486 1607 658 1640; x_wconf 78' lang='lat' dir='ltr'><strong>egressus</strong></span> <span class='ocrx_word' id='word_1_25' title='bbox 677 1595 777 1629; x_wconf 83' lang='lat' dir='ltr'>silvis</span> <span class='ocrx_word' id='word_1_26' title='bbox 795 1595 918 1630; x_wconf 76' lang='lat' dir='ltr'>vicina</span> <span class='ocrx_word' id='word_1_27' title='bbox 935 1595 1040 1639; x_wconf 83' lang='lat' dir='ltr'><strong>coegi</strong></span> 
     </span>
    </p>

    <p class='ocr_par' dir='ltr' id='par_1_8' title="bbox 247 1648 1057 1700">
     <span class='ocr_line' id='line_1_8' title="bbox 247 1648 1057 1700; baseline -0.001 -12"><span class='ocrx_word' id='word_1_28' title='bbox 247 1665 286 1689; x_wconf 90' lang='lat' dir='ltr'><strong>ut</strong></span> <span class='ocrx_word' id='word_1_29' title='bbox 304 1654 473 1700; x_wconf 81' lang='lat' dir='ltr'><strong>quamvis</strong></span> <span class='ocrx_word' id='word_1_30' title='bbox 490 1648 601 1689; x_wconf 50' lang='lat' dir='ltr'>avid‘o</span> <span class='ocrx_word' id='word_1_31' title='bbox 619 1659 791 1698; x_wconf 82' lang='lat' dir='ltr'><strong>parerent</strong></span> <span class='ocrx_word' id='word_1_32' title='bbox 808 1665 898 1688; x_wconf 81' lang='lat' dir='ltr'>arva</span> <span class='ocrx_word' id='word_1_33' title='bbox 914 1654 1057 1697; x_wconf 90' lang='lat' dir='ltr'>colono,</span> 
     </span>
    </p>

    <p class='ocr_par' dir='ltr' id='par_1_9' title="bbox 248 1710 1257 1759">
     <span class='ocr_line' id='line_1_9' title="bbox 248 1710 1257 1759; baseline -0.002 -12"><span class='ocrx_word' id='word_1_34' title='bbox 248 1719 396 1757; x_wconf 81' lang='lat' dir='ltr'>gratum</span> <span class='ocrx_word' id='word_1_35' title='bbox 413 1723 506 1759; x_wconf 81' lang='lat' dir='ltr'>opus</span> <span class='ocrx_word' id='word_1_36' title='bbox 524 1711 696 1756; x_wconf 79' lang='lat' dir='ltr'>agricolis</span> <span class='ocrx_word' id='word_1_37' title='bbox 712 1723 722 1753; x_wconf 83' lang='lat'><em>3</em></span> <span class='ocrx_word' id='word_1_38' title='bbox 746 1718 785 1746; x_wconf 86' lang='lat' dir='ltr'><strong>at</strong></span> <span class='ocrx_word' id='word_1_39' title='bbox 801 1722 900 1746; x_wconf 88' lang='lat' dir='ltr'>nunc</span> <span class='ocrx_word' id='word_1_40' title='bbox 917 1711 1105 1746; x_wconf 79' lang='lat' dir='ltr'><strong>horrentia</strong></span> <span class='ocrx_word' id='word_1_41' title='bbox 1124 1710 1257 1746; x_wconf 86' lang='lat' dir='ltr'>Martis</span> 
     </span>
    </p>

    <p class='ocr_par' dir='ltr' id='par_1_10' title="bbox 235 1760 1238 1816">
     <span class='ocr_line' id='line_1_10' title="bbox 235 1760 1238 1816; baseline 0 -12"><span class='ocrx_word' id='word_1_42' title='bbox 235 1760 354 1805; x_wconf 81' lang='grc'>311113</span> <span class='ocrx_word' id='word_1_43' title='bbox 370 1769 564 1815; x_wconf 87' lang='lat' dir='ltr'><strong>virumque</strong></span> <span class='ocrx_word' id='word_1_44' title='bbox 581 1781 687 1813; x_wconf 84' lang='lat' dir='ltr'>cano,</span> <span class='ocrx_word' id='word_1_45' title='bbox 705 1768 841 1804; x_wconf 81' lang='lat' dir='ltr'>Troiae</span> <span class='ocrx_word' id='word_1_46' title='bbox 858 1769 921 1815; x_wconf 84' lang='lat' dir='ltr'><strong>qui</strong></span> <span class='ocrx_word' id='word_1_47' title='bbox 938 1769 1079 1816; x_wconf 84' lang='lat' dir='ltr'>primus</span> <span class='ocrx_word' id='word_1_48' title='bbox 1097 1770 1145 1803; x_wconf 83' lang='lat' dir='ltr'><strong>ab</strong></span> <span class='ocrx_word' id='word_1_49' title='bbox 1163 1769 1238 1804; x_wconf 85' lang='lat' dir='ltr'>oris</span> 
     </span>
    </p>

    <p class='ocr_par' dir='ltr' id='par_1_11' title="bbox 254 1827 1041 1895">
     <span class='ocr_line' id='line_1_11' title="bbox 254 1827 1041 1895; baseline 0 -33"><span class='ocrx_word' id='word_1_50' title='bbox 254 1827 494 1871; x_wconf 51' lang='lat' dir='ltr'><strong>Italiamffato</strong></span> <span class='ocrx_word' id='word_1_51' title='bbox 511 1827 690 1875; x_wconf 67' lang='lat' dir='ltr'>profugus</span> <span class='ocrx_word' id='word_1_52' title='bbox 708 1827 924 1895; x_wconf 84' lang='lat' dir='ltr'><strong>Lavinaque</strong></span> <span class='ocrx_word' id='word_1_53' title='bbox 940 1827 1041 1862; x_wconf 84' lang='lat' dir='ltr'><strong>venit</strong></span> 
     </span>
    </p>

    <p class='ocr_par' dir='ltr' id='par_1_12' title="bbox 250 1872 1124 1936">
     <span class='ocr_line' id='line_1_12' title="bbox 250 1872 1124 1936; baseline 0 -17"><span class='ocrx_word' id='word_1_54' title='bbox 250 1886 373 1930; x_wconf 86' lang='lat' dir='ltr'>litora,</span> <span class='ocrx_word' id='word_1_55' title='bbox 389 1885 546 1920; x_wconf 88' lang='lat' dir='ltr'><strong>multum</strong></span> <span class='ocrx_word' id='word_1_56' title='bbox 564 1885 624 1919; x_wconf 86' lang='lat' dir='ltr'><strong>ille</strong></span> <span class='ocrx_word' id='word_1_57' title='bbox 640 1891 678 1920; x_wconf 87' lang='lat' dir='ltr'><strong>et</strong></span> <span class='ocrx_word' id='word_1_58' title='bbox 695 1872 801 1936; x_wconf 67' lang='lat' dir='ltr'><strong>teqris</strong></span> <span class='ocrx_word' id='word_1_59' title='bbox 819 1884 976 1920; x_wconf 82' lang='lat' dir='ltr'>iactatus</span> <span class='ocrx_word' id='word_1_60' title='bbox 995 1893 1030 1920; x_wconf 81' lang='lat' dir='ltr'><strong>et</strong></span> <span class='ocrx_word' id='word_1_61' title='bbox 1049 1886 1124 1920; x_wconf 84' lang='lat' dir='ltr'>alto</span> 
     </span>
    </p>

    <p class='ocr_par' dir='ltr' id='par_1_13' title="bbox 250 1937 1228 1988">
     <span class='ocr_line' id='line_1_13' title="bbox 250 1937 1228 1988; baseline 0 -11"><span class='ocrx_word' id='word_1_62' title='bbox 250 1943 285 1977; x_wconf 83' lang='lat' dir='ltr'><strong>vi</strong></span> <span class='ocrx_word' id='word_1_63' title='bbox 304 1954 489 1988; x_wconf 82' lang='lat' dir='ltr'><strong>superum,</strong></span> <span class='ocrx_word' id='word_1_64' title='bbox 510 1947 645 1977; x_wconf 81' lang='lat' dir='ltr'><strong>saevae</strong></span> <span class='ocrx_word' id='word_1_65' title='bbox 662 1937 871 1978; x_wconf 76' lang='lat' dir='ltr'><strong>men&#39;mrem</strong></span> <span class='ocrx_word' id='word_1_66' title='bbox 887 1944 1039 1977; x_wconf 84' lang='lat' dir='ltr'>Iunonis</span> <span class='ocrx_word' id='word_1_67' title='bbox 1057 1943 1131 1977; x_wconf 89' lang='lat' dir='ltr'><strong>ob</strong></span> <span class='ocrx_word' id='word_1_68' title='bbox 1124 1955 1228 1985; x_wconf 79' lang='grc'>113111,</span> 
     </span>
    </p>

    <p class='ocr_par' dir='ltr' id='par_1_14' title="bbox 250 2001 1308 2046">
     <span class='ocr_line' id='line_1_14' title="bbox 250 2001 1308 2046; baseline 0.002 -12"><span class='ocrx_word' id='word_1_69' title='bbox 250 2001 365 2035; x_wconf 82' lang='lat' dir='ltr'>multa</span> <span class='ocrx_word' id='word_1_70' title='bbox 381 2012 528 2046; x_wconf 87' lang='lat' dir='ltr'><strong>quoque</strong></span> <span class='ocrx_word' id='word_1_71' title='bbox 546 2007 582 2035; x_wconf 89' lang='lat' dir='ltr'><strong>et</strong></span> <span class='ocrx_word' id='word_1_72' title='bbox 599 2001 697 2035; x_wconf 89' lang='lat' dir='ltr'><strong>bello</strong></span> <span class='ocrx_word' id='word_1_73' title='bbox 715 2012 859 2046; x_wconf 63' lang='lat' dir='ltr'>passm,</span> <span class='ocrx_word' id='word_1_74' title='bbox 878 2001 967 2035; x_wconf 90' lang='lat' dir='ltr'><strong>dum</strong></span> <span class='ocrx_word' id='word_1_75' title='bbox 985 2001 1160 2036; x_wconf 87' lang='lat' dir='ltr'><strong>conderet</strong></span> <span class='ocrx_word' id='word_1_76' title='bbox 1178 2002 1308 2036; x_wconf 86' lang='lat' dir='ltr'><strong>urbem</strong></span> 
     </span>
    </p>

    <p class='ocr_par' dir='ltr' id='par_1_15' title="bbox 250 2059 1160 2104">
     <span class='ocr_line' id='line_1_15' title="bbox 250 2059 1160 2104; baseline 0.001 -12"><span class='ocrx_word' id='word_1_77' title='bbox 250 2059 470 2104; x_wconf 80' lang='lat' dir='ltr'><strong>inferretque</strong></span> <span class='ocrx_word' id='word_1_78' title='bbox 488 2059 579 2093; x_wconf 83' lang='lat' dir='ltr'><strong>deos</strong></span> <span class='ocrx_word' id='word_1_79' title='bbox 600 2059 715 2101; x_wconf 81' lang='lat' dir='ltr'>Latio,</span> <span class='ocrx_word' id='word_1_80' title='bbox 734 2071 852 2103; x_wconf 81' lang='lat' dir='ltr'><strong>genus</strong></span> <span class='ocrx_word' id='word_1_81' title='bbox 870 2060 968 2093; x_wconf 85' lang='lat' dir='ltr'><strong>unde</strong></span> <span class='ocrx_word' id='word_1_82' title='bbox 988 2059 1160 2094; x_wconf 84' lang='lat' dir='ltr'><strong>Latinum</strong></span> 
     </span>
    </p>

    <p class='ocr_par' dir='ltr' id='par_1_16' title="bbox 250 2117 1263 2221">
     <span class='ocr_line' id='line_1_16' title="bbox 250 2117 1184 2162; baseline 0.001 -12"><span class='ocrx_word' id='word_1_83' title='bbox 250 2117 460 2161; x_wconf 81' lang='lat' dir='ltr'><strong>Albanique</strong></span> <span class='ocrx_word' id='word_1_84' title='bbox 476 2123 601 2161; x_wconf 80' lang='lat' dir='ltr'><strong>patres</strong></span> <span class='ocrx_word' id='word_1_85' title='bbox 618 2124 730 2162; x_wconf 80' lang='lat' dir='ltr'><strong>atque</strong></span> <span class='ocrx_word' id='word_1_86' title='bbox 747 2119 845 2152; x_wconf 81' lang='lat' dir='ltr'><strong>altae</strong></span> <span class='ocrx_word' id='word_1_87' title='bbox 862 2117 1012 2151; x_wconf 79' lang='lat' dir='ltr'><strong>moenia</strong></span> <span class='ocrx_word' id='word_1_88' title='bbox 1031 2118 1184 2152; x_wconf 85' lang='lat' dir='ltr'><strong>Romae.</strong></span> 
     </span>
     <span class='ocr_line' id='line_1_17' title="bbox 299 2174 1263 2221; baseline 0.002 -13"><span class='ocrx_word' id='word_1_89' title='bbox 299 2176 419 2218; x_wconf 71' lang='lat' dir='ltr'>Musa,</span> <span class='ocrx_word' id='word_1_90' title='bbox 437 2174 528 2208; x_wconf 85' lang='lat' dir='ltr'>mihi</span> <span class='ocrx_word' id='word_1_91' title='bbox 546 2187 678 2209; x_wconf 76' lang='lat' dir='ltr'>causas</span> <span class='ocrx_word' id='word_1_92' title='bbox 694 2187 871 2218; x_wconf 81' lang='lat' dir='ltr'><strong>memora,</strong></span> <span class='ocrx_word' id='word_1_93' title='bbox 890 2187 964 2221; x_wconf 85' lang='lat' dir='ltr'><strong>quo</strong></span> <span class='ocrx_word' id='word_1_94' title='bbox 981 2175 1132 2209; x_wconf 88' lang='lat' dir='ltr'><strong>numine</strong></span> <span class='ocrx_word' id='word_1_95' title='bbox 1150 2176 1263 2218; x_wconf 82' lang='lat' dir='ltr'><strong>laeso,</strong></span> 
     </span>
    </p>

    <p class='ocr_par' dir='ltr' id='par_1_17' title="bbox 250 2232 1168 2277">
     <span class='ocr_line' id='line_1_18' title="bbox 250 2232 1168 2277; baseline 0.001 -11"><span class='ocrx_word' id='word_1_96' title='bbox 250 2233 384 2277; x_wconf 86' lang='lat' dir='ltr'><strong>quidve</strong></span> <span class='ocrx_word' id='word_1_97' title='bbox 403 2233 532 2267; x_wconf 80' lang='lat' dir='ltr'><strong>dolens</strong></span> <span class='ocrx_word' id='word_1_98' title='bbox 551 2232 679 2277; x_wconf 82' lang='lat' dir='ltr'><strong>regina</strong></span> <span class='ocrx_word' id='word_1_99' title='bbox 696 2233 806 2267; x_wconf 87' lang='lat' dir='ltr'><strong>deum</strong></span> <span class='ocrx_word' id='word_1_100' title='bbox 824 2240 878 2267; x_wconf 87' lang='lat' dir='ltr'><strong>tot</strong></span> <span class='ocrx_word' id='word_1_101' title='bbox 896 2234 1041 2267; x_wconf 83' lang='lat' dir='ltr'><strong>volvere</strong></span> <span class='ocrx_word' id='word_1_102' title='bbox 1061 2245 1168 2267; x_wconf 82' lang='grc'>635115</span> 
     </span>
    </p>

    <p class='ocr_par' dir='ltr' id='par_1_18' title="bbox 249 2289 1091 2335">
     <span class='ocr_line' id='line_1_19' title="bbox 249 2289 1091 2335; baseline 0.002 -13"><span class='ocrx_word' id='word_1_103' title='bbox 249 2289 433 2333; x_wconf 78' lang='lat' dir='ltr'><strong>insignem</strong></span> <span class='ocrx_word' id='word_1_104' title='bbox 451 2290 588 2335; x_wconf 81' lang='lat' dir='ltr'><strong>pietate</strong></span> <span class='ocrx_word' id='word_1_105' title='bbox 606 2289 735 2333; x_wconf 58' lang='lat' dir='ltr'>girum,</span> <span class='ocrx_word' id='word_1_106' title='bbox 753 2296 807 2324; x_wconf 86' lang='lat' dir='ltr'><strong>tot</strong></span> <span class='ocrx_word' id='word_1_107' title='bbox 824 2289 927 2324; x_wconf 79' lang='lat' dir='ltr'><strong>adire</strong></span> <span class='ocrx_word' id='word_1_108' title='bbox 945 2290 1091 2324; x_wconf 79' lang='lat' dir='ltr'><strong>labores</strong></span> 
     </span>
    </p>

    <p class='ocr_par' dir='ltr' id='par_1_19' title="bbox 252 2346 1173 2395">
     <span class='ocr_line' id='line_1_20' title="bbox 252 2346 1173 2395; baseline 0.002 -12"><span class='ocrx_word' id='word_1_109' title='bbox 252 2346 433 2395; x_wconf 84' lang='lat' dir='ltr'><strong>inpulerit.</strong></span> <span class='ocrx_word' id='word_1_110' title='bbox 484 2347 658 2385; x_wconf 66' lang='lat' dir='ltr'><strong>tantaene</strong></span> <span class='ocrx_word' id='word_1_111' title='bbox 676 2347 809 2385; x_wconf 81' lang='lat' dir='ltr'>animis</span> <span class='ocrx_word' id='word_1_112' title='bbox 827 2349 1049 2386; x_wconf 85' lang='lat' dir='ltr'><strong>caelestibus</strong></span> <span class='ocrx_word' id='word_1_113' title='bbox 1068 2348 1143 2385; x_wconf 82' lang='lat' dir='ltr'><strong>irae</strong></span> <span class='ocrx_word' id='word_1_114' title='bbox 1159 2347 1173 2385; x_wconf 85' lang='lat'>?</span> 
     </span>
    </p>
   </div>
   <div class='ocr_carea' id='block_1_7' title="bbox 781 2406 846 2450">
    <p class='ocr_par' dir='ltr' id='par_1_20' title="bbox 781 2406 846 2450">
     <span class='ocr_line' id='line_1_21' title="bbox 781 2406 846 2450; baseline -0.015 0"><span class='ocrx_word' id='word_1_115' title='bbox 781 2406 846 2450; x_wconf 91' lang='lat'><strong>[1]</strong></span> 
     </span>
    </p>
   </div>
   <div class='ocr_carea' id='block_1_8' title="bbox 1471 2296 1515 2324">
    <p class='ocr_par' dir='ltr' id='par_1_21' title="bbox 1471 2296 1515 2324">
     <span class='ocr_line' id='line_1_22' title="bbox 1471 2296 1515 2324; baseline 0 0"><span class='ocrx_word' id='word_1_116' title='bbox 1471 2296 1515 2324; x_wconf 90' lang='lat'><strong>10</strong></span> 
     </span>
    </p>
   </div>
  </div>
 </body>
</html>
