1731 2573
0 130 19 160 -’
0 0 21 106 ”zv-x

56 1088 206 1200 W

443 119 475 146 1³4
510 112 670 144 VERGILI
698 114 876 143 MARONIS
905 115 1107 142 AENEIDOS
1136 115 1212 143 LIB.
1244 117 1271 142 1.

302 223 359 251 ast
377 227 458 260 ego,
476 225 570 258 quae
588 212 714 247 divom
732 211 866 246 incedo
884 212 1025 255 regina,
1047 212 1219 257 Iovisque

303 281 338 308 et
357 265 458 307 soror
475 283 510 306 et
528 270 701 313 coniunX,
722 281 796 304 una
813 281 898 304 cum
915 277 1025 314 gente
1042 277 1097 305 tot
1114 282 1232 305 annos

301 332 398 366 bella
413 340 511 374 ger0.
561 335 598 363 et
617 328 815 373 quisquam
832 339 970 362 numen
992 329 1143 363 Iunonis
1162 329 1293 363 adorat

300 394 500 433 praeterea,
522 393 585 420 aut
603 387 758 431 supplex
775 385 847 421 aris
866 386 1019 431 inponet
1037 387 1218 420 honorem
1231 387 1256 421 ?’

345 471 418 533 She
434 499 544 532 visits
559 497 619 532 tlze
634 497 739 532 home
755 498 801 542 of
806 497 843 531 A
848 498 958 541 eolus,
981 498 1064 532 God
1074 499 1119 543 of
1128 498 1187 531 tlte
1215 498 1354 532 W'nds.

342 584 430 618 talia
447 582 637 617 flammato
656 595 782 618 secum
799 583 870 617 dea
887 583 1000 618 corde
1016 584 1186 618 volutans

294 641 505 676 nimborum
523 641 561 675 in
578 641 748 686 patriam,
767 641 850 675 loca
867 641 941 676 feta
959 642 1164 676 furentibus
1183 641 1341 683 Austris,

295 700 464 734 Aeoham
481 699 591 734 venit.
642 699 702 733 hic
720 706 827 733 vasto
845 711 908 734 rex
925 700 1063 734 Aeolus
1082 707 1188 734 antro

293 758 474 792 luctantes
492 764 624 791 ventos
642 763 959 802 tempestatesque
977 769 1131 791 sonoras

293 815 448 860 imperio
467 815 610 860 premit,
630 826 674 849 ac
691 814 823 849 vinclis
841 822 878 849 et
897 826 1045 849 carcere
1062 815 1191 849 frenat.

293 873 342 907 illi
362 873 599 918 indignantes
617 885 755 917 magno
773 885 857 907 cum
874 885 1062 907 murmure
1079 873 1216 907 montis

293 931 431 965 circum
450 932 611 965 claustra
625 926 812 972 Tr'e'ffiunT;
828 930 1218 966 'hers-assedet'sseoms
1236 942 1320 965 arce

291 996 439 1034 sceptra
455 995 600 1031 tenens,
621 989 814 1034 mollitque
832 989 978 1023 animos
997 996 1032 1023 et
1051 995 1233 1034 temperat
1252 989 1324 1022 iras
1345 1000 1352 1023 :

291 1047 328 1080 ni
346 1047 469 1088 faciat,
488 1047 607 1081 maria
625 1058 669 1081 ac
685 1049 802 1081 terras
822 1047 1042 1091 caelumque
1060 1047 1285 1091 profundum

255 1093 286 1120 s
290 1104 426 1150 quippe
444 1105 562 1139 ferant
581 1104 702 1150 rapidi
721 1116 848 1139 secum
865 1111 1088 1150 verrantque
1105 1116 1171 1149 per
1187 1116 1297 1139 auras
1315 1117 1322 1139 :

290 1163 355 1197 sed
376 1164 484 1197 Pater
501 1163 736 1208 omnipotens
755 1163 940 1208 speluncis
959 1162 1102 1197 abdidit
1119 1162 1209 1197 atris

288 1221 360 1255 hoc
377 1228 559 1263 metuens,
581 1221 793 1266 molemque
811 1227 846 1255 et
864 1227 1010 1255 montes
1029 1220 1180 1266 insuper
1196 1221 1291 1255 altos

288 1278 461 1324 inposmt‚
482 1290 684 1323 regemque
702 1278 817 1320 dedit,
840 1279 903 1324 qui
920 1279 1069 1313 foedere
1087 1285 1188 1313 certo

287 1343 324 1370 et
341 1341 510 1381 premere
527 1343 563 1371 et
581 1337 683 1371 laxas
702 1336 811 1371 sciret
830 1337 920 1371 dare
937 1337 1058 1371 iussus
1077 1336 1254 1371 habenas.

432 1448 518 1482 Her
533 1448 746 1494 appealfor
759 1448 844 1493 help
860 1448 942 1482 and
952 1448 1013 1482 llze
1022 1448 1131 1494 god's
1147 1449 1257 1493 reply.

286 1533 334 1567 ad
353 1544 464 1577 quern
481 1538 561 1566 turn
582 1533 675 1566 Iuno
694 1532 848 1577 supplex
866 1532 923 1566 his
937 1531 1090 1566 vocibus
1108 1543 1175 1566 usa
1192 1538 1248 1566 est
1264 1545 1270 1567 :

1511 593 1556 628 50

1512 884 1552 919 55

1502 1164 1549 1198 60

334 1591 343 1607 ‘
358 1591 488 1633 Aecle‚
508 1601 670 1635 namque
687 1590 754 1624 tibi
773 1590 901 1624 divom
921 1591 1030 1624 Pater
1047 1597 1158 1635 atque
1176 1590 1369 1625 hominum
1387 1602 1449 1625 rex
1498 1591 1543 1636 65

283 1655 319 1683 et
337 1649 500 1682 mulcere
517 1648 620 1682 dedit
638 1648 772 1682 fluctus
790 1655 826 1682 et
844 1648 973 1682 tollere
990 1655 1115 1691 vento,

283 1718 376 1752 gens
394 1695 545 1741 inimica
561 1705 652 1740 mihi
672 1706 906 1750 Tyrrhenum
923 1706 1073 1750 navigat
1091 1717 1239 1751 aequor,

286 1765 393 1799 Ilium
411 1765 448 1798 in
471 1763 619 1798 Italiam
636 1771 790 1810 portans
808 1764 1002 1809 victosque
1022 1765 1181 1798 Penates
1197 1777 1204 1798 z
1276 1768 1279 1769 ’

282 1823 405 1857 incute
422 1822 498 1856 vim
514 1821 636 1856 ventis
653 1822 940 1868 submersasque
956 1823 1071 1856 obrue
1089 1834 1242 1867 puppes,

281 1888 344 1916 aut
361 1892 430 1925 age
447 1880 614 1914 diversos
633 1886 668 1915 et
686 1880 815 1914 disiice
833 1892 988 1925 corpora
1004 1888 1129 1925 ponto.

282 1945 366 1972 sunt
384 1938 474 1972 mihi
492 1938 549 1972 bis
568 1945 712 1983 septem
730 1938 935 1983 praestanti
954 1949 1106 1983 corpore
1127 1938 1337 1983 Nymphae,

281 2008 436 2042 quarum
454 2007 549 2041 quae
565 1996 686 2030 forma
702 1996 953 2041 pulcherrima
972 1996 1152 2040 Deiopea,

281 2054 440 2089 conubio
457 2054 610 2098 iungam
627 2054 750 2089 stabili
769 2054 1032 2100 propriamque
1050 2054 1196 2095 dicabo,

279 2124 409 2147 omnes
427 2119 466 2147 ut
482 2119 607 2148 tecum
625 2113 768 2148 meritis
785 2125 852 2158 pro
870 2113 1006 2147 talibus
1025 2124 1143 2147 annos

278 2171 399 2214 exigat
417 2177 454 2205 et
471 2171 626 2217 pulchra
642 2172 754 2206 faciat
771 2178 808 2206 te
826 2172 929 2216 prole
947 2172 1162 2216 parentem.'

325 2230 463 2263 Aeolus
480 2229 574 2263 haec
592 2236 721 2263 contra
738 2242 744 2263 :
772 2230 780 2245 ⁶
792 2236 889 2272 tuus,
911 2241 932 2262 o
950 2229 1087 2273 regina,
1107 2229 1195 2273 quid
1214 2235 1331 2273 optes,

277 2294 468 2331 explorare
485 2287 590 2321 labor
609 2299 617 2328 ;
642 2286 732 2320 mihi
752 2286 852 2323 iussa
870 2298 1066 2332 capessere
1083 2287 1138 2320 fas
1158 2293 1222 2320 est.

277 2350 316 2381 tu
334 2344 424 2380 mihi
444 2343 704 2391 quodcumque
722 2345 794 2381 hoc
812 2344 927 2391 regni,
948 2351 987 2381 tu
1006 2351 1151 2392 sceptra
1173 2345 1374 2391 Iovemque

1494 1890 1539 1923 70

1494 2179 1537 2214 75
