1731 2573
16 1448 117 1545 aa»

120 1417 175 1493 Qu

177 1426 202 1467 ‚C

434 134 467 162 P.
498 134 664 161 VERGILI
693 134 871 162 MARONIS
899 134 1101 162 AENEIDOS
1131 136 1206 164 10113-v
1241 136 1265 163 1.

304 229 491 274 concilias,
510 237 549 265 tu
567 231 634 265 das
653 231 770 276 epulis
789 231 1009 266 accumbere
1027 232 1163 276 divom,

302 287 586 333 nimborumque
604 289 695 323 facis
713 296 1049 335 tempestatumque
1068 292 1279 332 potentem)

752 405 786 439 T
782 404 826 439 lze
843 405 980 439 Storm.

348 484 440 519 haec
459 484 519 519 ubi
539 484 650 528 dicta,
673 497 804 520 cavum
823 497 1002 521 conversa
1019 486 1173 531 cuspide
1190 493 1356 523 montem

301 540 432 587 inpulit
450 542 487 576 in
505 543 600 577 latus
620 556 627 578 z
654 555 696 577 ac
714 543 813 577 venti
830 544 930 578 velut
949 544 1096 588 agmine
1113 545 1222 589 facto,

301 611 374 645 qua
391 601 479 634 data
497 608 612 645 porta,
631 607 740 636 ruunt
759 608 793 636 et
812 607 930 635 terras
948 602 1093 636 turbine
1111 604 1275 647 perfiant.

301 657 500 692 incubuere
517 659 621 701 mari,
641 666 833 704 totumque
850 671 873 693 a
891 659 1041 694 sedibus
1061 660 1144 695 imis

299 727 373 750 una
391 716 586 761 Eurusque
607 718 803 762 Notusque
820 724 930 752 ruunt
949 719 1150 763 creberque
1168 719 1337 764 procellis

297 773 455 817 Africus,
473 781 509 808 et
526 780 652 808 vastos
671 775 821 809 volvunt
839 776 888 809 ad
905 775 1012 809 litora
1029 776 1170 810 fluctus.

299 830 503 876 insequitur
520 832 732 876 clamorque
750 833 869 868 virum
889 832 1096 878 stridorque
1115 834 1321 868 rudentum.

299 888 456 934 eripiunt
475 889 597 924 subito
615 890 733 924 nubes
750 891 968 936 caelumque
987 891 1160 936 diemque

298 949 525 982 Teucrorum
542 960 587 982 ex
605 948 721 982 oculis
739 960 747 989 3
774 956 888 993 ponto
906 961 978 982 nox
996 948 1147 983 incubat
1165 956 1256 984 atra.

297 1004 488 1040 intonuere
506 1006 580 1050 poli
599 1012 634 1040 et
652 1006 789 1040 crebris
807 1006 920 1041 micat
938 1006 1086 1050 ignibus
1104 1007 1242 1049 aether,

296 1071 606 1109 praesentemque
623 1064 710 1098 viris
729 1065 912 1099 intentant
931 1065 1057 1099 omnia
1074 1072 1241 1100 mortem.

297 1123 483 1167 externplo
501 1124 652 1156 Aeneae
670 1123 861 1156 solvuntur
879 1123 1011 1167 frigore
1029 1124 1198 1158 membra
1217 1136 1225 1165 ;

295 1179 462 1224 ingemit,
480 1187 515 1215 et
533 1180 699 1225 duplices
717 1182 874 1215 tendens
893 1182 942 1215 ad
961 1181 1082 1216 sidera
1099 1182 1243 1226 palmas

296 1238 385 1273 talia
402 1250 493 1273 voce
511 1239 620 1273 refert
640 1250 647 1272 ε
677 1239 685 1255 ‘
697 1251 719 1273 o
737 1246 865 1284 terque
883 1247 1087 1284 quaterque
1104 1240 1216 1283 beati,

295 1295 378 1341 quis
396 1304 483 1330 ante
500 1308 565 1330 ora
582 1303 730 1341 patrum
748 1297 882 1331 Troiae
902 1297 969 1331 sub
987 1297 1181 1331 moenibus
1201 1297 1285 1331 altis

208 1317 450 1402 scontigit
468 1360 644 1400 oppetere
662 1356 669 1389 l
695 1367 718 1389 o
738 1355 913 1389 Danaum
930 1355 1130 1389 fortissime
1145 1356 1266 1399 gentis

296 1412 453 1455 Tydide,
475 1423 583 1446 mene
605 1411 728 1446 Iliacis
747 1413 966 1447 occumbere
985 1413 1126 1458 campis

294 1481 368 1504 non
388 1470 551 1515 potuisse
569 1477 705 1516 tuaque
723 1471 886 1505 animam
904 1471 1001 1505 hanc
1019 1471 1207 1506 effundere
1224 1471 1363 1513 dextra,

294 1539 426 1562 saevus
444 1528 506 1561 ubi
525 1528 713 1562 Aeacidae
730 1529 804 1562 telo
822 1528 916 1563 iacet
937 1529 1090 1571 Hector,
1109 1528 1170 1562 ubi
1188 1528 1319 1572 ingens

295 1585 498 1631 Sarpedon,
519 1586 579 1620 ubi
599 1593 653 1621 tot
673 1586 998 1634 Simoisdcorrepta
1016 1587 1083 1620 sub
1102 1586 1211 1620 undis

293 1650 396 1678 scuta
409 1641 532 1678 'virum
550 1644 751 1689 galeasque
769 1651 804 1678 et
822 1644 930 1678 fortia
948 1655 1103 1689 corpora
1118 1643 1233 1678 volvit
1247 1642 1275 1678 Τ
1290 1657 1323 1691 s

627 1763 662 1796 T
657 1762 700 1796 lte
717 1761 836 1798 wreck
853 1763 899 1808 of
906 1762 1069 1808 llzefleet.

337 1843 425 1878 talia
443 1842 593 1878 iactanti
613 1842 772 1877 stridens
790 1843 974 1888 Aquilone
992 1843 1155 1890 procella

290 1902 412 1935 velum
430 1902 588 1936 adversa
604 1901 685 1935 ferit
703 1901 908 1944 fluctusque
926 1901 974 1935 ad
993 1901 1114 1936 sidera
1131 1901 1234 1936 tollit.

289 1959 506 2004 franguntur
523 1959 613 1993 remi
629 1972 637 2001 ;
663 1965 743 1993 tum
763 1971 872 2004 prora
889 1959 1022 1994 avertit
1040 1966 1075 1994 et
1093 1959 1205 1994 undis

290 2017 353 2051 dat
372 2018 466 2051 latus
484 2030 492 2059 ;
517 2017 721 2062 insequitur
739 2018 886 2051 cumulo
904 2024 1122 2062 praeruptus
1140 2029 1261 2062 aquae
1278 2029 1397 2052 mons.
1410 2058 1421 2065 ι,

289 2074 327 2109 hi
345 2087 490 2109 summo
509 2075 545 2109 in
563 2076 674 2109 fluctu
693 2076 869 2120 pendent,
890 2075 947 2109 his
966 2076 1066 2109 unda
1084 2075 1281 2109 dehiscens

289 2139 425 2166 terram
443 2132 537 2166 inter
554 2133 686 2166 fluctus
704 2132 821 2177 aperit
839 2145 846 2173 3
872 2132 957 2166 furit
975 2139 1099 2166 aestus
1116 2132 1274 2166 harenis.

290 2197 363 2224 tres
385 2191 505 2224 Notus
524 2191 698 2234 abreptas
717 2191 753 2223 in
773 2201 861 2223 saxa
878 2190 1030 2224 latentia
1048 2197 1206 2235 torquet,

289 2248 392 2289 (saxa
409 2255 542 2282 vocant
563 2247 645 2281 Itali
664 2247 796 2281 mediis
815 2258 910 2292 quae
929 2247 965 2281 in
984 2247 1155 2282 fiuctibus
1173 2249 1280 2289 Aras,

289 2305 440 2339 dorsum
459 2305 607 2339 inmane
626 2305 717 2339 mari
736 2304 898 2348 summo)
915 2317 923 2346 3
948 2312 1022 2339 tres
1041 2306 1162 2339 Eurus
1180 2305 1227 2339 ab
1246 2305 1320 2339 alto

287 2363 325 2399 in
342 2363 469 2400 brevia
486 2370 521 2399 et
542 2364 668 2410 Syrtes
686 2362 1075 2410 urguet—miserabile
1093 2362 1221 2399 visu—

1428 848 1454 873 s·
1508 847 1519 872 f
1595 869 1598 871 Β

1396 867 1444 925 ..ττι--
1524 878 1540 882 ,Δ
1580 877 1603 889 ,ζ

1511 1018 1558 1053 90

1509 1285 1574 1344 95’

1489 1597 1555 1622 100

1486 2027 1548 2062 105

1483 2314 1549 2340 110
