1731 2573
372 116 406 148 1²2.-
436 115 599 142 vanem
629 114 805 141 MARONIS
834 114 1033 142 AENfflDOS
1062 115 1139 142 Lm.
1173 115 1197 141 1.
1439 106 1486 143 15

225 224 338 248 ausus.
354 219 389 247 et
406 211 566 247 adflictis
584 210 716 246 melius
734 211 921 246 confidere
939 212 1060 245 rebus.

224 282 384 316 namque
401 271 469 304 sub
486 269 625 313 ingenti
645 269 773 303 lustrat
792 269 881 303 dum
899 269 1045 313 singula
1063 270 1202 315 templo

224 329 388 372 reginam
405 327 615 372 opperiens,
635 326 735 369 dum,
755 338 850 371 quae
866 327 1013 361 fortuna
1032 327 1078 361 sit
1096 328 1188 370 urbi,

223 387 476 431 artificumque
493 396 624 418 manus
642 384 737 418 inter
755 395 794 418 se
812 396 1039 429 operumque
1057 385 1223 420 laborem
1412 396 1479 432 455

222 444 384 487 miratur,
401 444 501 477 videt
522 443 654 477 Iliacas
672 454 716 476 ex
733 443 861 477 ordine
880 455 1024 488 pugnas

200 516 203 519 ·
221 503 391 547 bellaque
408 501 482 535 iam
500 502 599 535 fama
616 507 735 535 totum
752 501 902 545 vulgata
921 513 986 546 per
1003 502 1142 545 orbem,

221 560 371 594 Atridas
390 559 650 604 Priamumque
669 565 705 592 et
724 570 875 593 saevom
898 559 1080 593 ambobus
1099 559 1293 595 Achillem.

221 617 394 660 constitit,
413 624 448 652 et
465 617 663 652 lacrimans
684 616 693 633 ‘
707 617 788 661 quis
807 617 881 651 iam
899 617 1023 660 locus,'
1042 617 1170 663 inquit,
1189 618 1198 635 ‘
1210 619 1364 662 Achate,

220 687 314 721 quae
331 675 433 720 regio
450 675 487 709 in
504 674 611 709 terris
628 675 744 708 nostri
762 686 837 709 non
855 675 966 719 plena
984 675 1119 709 laboris
1135 677 1149 711 ?
1413 677 1484 719 460

219 745 266 768 en
287 733 453 767 Priamus
473 735 479 767 Ι
506 740 589 767 sunt
606 732 667 767 hic
684 733 797 766 etiam
816 744 882 767 sua
899 733 1064 777 praemia
1081 734 1181 768 laudi
1200 747 1209 775 ;

220 798 304 826 sunt
321 791 496 826 lacrimae
514 802 635 825 rerum
652 797 688 824 et
706 798 870 825 mentem
888 792 1059 825 mortalia
1077 798 1245 836 tangunt.

220 850 321 884 solve
338 856 457 884 metus
475 862 482 890 ;
506 849 598 883 feret
616 849 709 883 haec
726 849 890 894 aliquam
908 849 973 883 tibi
992 850 1093 884 fama
1111 851 1294 885 salutem)

221 907 272 941 sic
291 907 352 951 ait,
371 915 481 953 atque
499 902 666 941 animum
684 907 826 952 pictura
845 907 963 952 pascit
982 907 1082 942 inani

221 966 336 1000 multa
352 977 515 1010 gemens,
534 966 711 1010 largoque
729 972 890 999 umectat
909 966 1059 999 flumine
1079 967 1231 1000 vultum.
1415 966 1482 1012 465

344 1071 375 1104 S
375 1081 473 1104 cenes
477 1070 585 1115 from
611 1071 706 1114 Troy
715 1070 924 1114 pertrayed
935 1071 977 1103 in
995 1070 1054 1103 tlze
1072 1070 1212 1115 temple.

226 1161 387 1194 namque
405 1149 567 1192 videbat,
584 1148 635 1182 uti
654 1149 836 1183 bellantes
857 1150 1039 1194 Pergama
1057 1150 1195 1184 circum

220 1208 290 1241 hac
308 1208 475 1251 fugerent
495 1206 610 1250 Graii,
628 1214 811 1252 premeret
831 1207 993 1242 Troiana
1011 1207 1202 1250 iuventus3

216 1266 287 1299 hac
307 1266 481 1309 Phryges,
501 1265 656 1300 instaret
674 1277 781 1300 curru
800 1265 973 1300 cristatus
992 1267 1168 1301 Achilles.

217 1335 286 1357 nec
303 1324 429 1368 procul
446 1323 532 1357 hinc
552 1322 668 1357 Rhesi
686 1323 804 1357 niveis
821 1323 981 1357 tentoria
998 1324 1089 1358 velis

217 1381 411 1426 adgnoscit
427 1381 637 1424 lacrimans,
655 1381 774 1426 primo
792 1392 887 1426 quae
903 1381 1050 1426 prodita
1068 1394 1200 1418 somno
1412 1394 1483 1427 470

218 1439 382 1483 Tydides
399 1439 516 1473 multa
531 1440 700 1473 vastabat
718 1439 833 1473 caede
850 1446 1033 1483 cruentus,

217 1498 463 1542 ardentesque
480 1497 611 1531 avertit
629 1509 745 1542 equos
764 1497 801 1531 in
820 1505 952 1540 castra,
974 1498 1191 1543 priusquam

216 1556 350 1601 pabula
366 1563 578 1599 gustassent
597 1556 732 1590 Troiae
750 1557 1017 1601 Xanthumque
1034 1557 1225 1592 bibissent.

215 1622 320 1659 parte
337 1614 409 1648 alia
426 1614 569 1658 fugiens
587 1614 736 1648 arnissis
755 1615 900 1649 Troilus
918 1615 1042 1658 armis,

215 1672 340 1706 infelix
356 1683 446 1717 puer
462 1679 573 1717 atque
591 1672 698 1717 inpar
715 1684 934 1717 congressus
953 1673 1100 1717 Achilli,
1409 1684 1476 1721 475

215 1730 327 1765 fertur
343 1730 447 1775 equis
465 1742 646 1776 curruque
663 1731 791 1765 haeret
810 1731 1004 1776 resupinus
1023 1731 1135 1776 inani,

215 1789 294 1822 lora
309 1795 439 1822 tenens
457 1794 582 1822 tamen
600 1801 608 1829 3
633 1788 718 1822 huic
736 1789 934 1834 cervixque
952 1800 1156 1835 comaeque
1173 1791 1369 1826 trahuntur

216 1857 282 1890 per
299 1852 445 1889 terram,
464 1852 500 1880 et
517 1857 625 1880 versa
642 1846 762 1891 pulvis
780 1846 992 1881 inscribitur
1008 1847 1128 1882 hasta.

216 1903 355 1937 interea
371 1904 420 1937 ad
437 1904 615 1948 templum
633 1916 707 1938 non
725 1916 868 1950 aequae
888 1905 1050 1939 Palladis
1069 1905 1172 1940 ibant

215 1961 375 1995 crinibus
396 1951 530 1995 Iliades
549 1962 669 2006 passis
686 1963 910 2008 peplumque
927 1964 1094 1998 ferebant
1407 1966 1477 2007 480

214 2018 437 2063 suppliciter,
454 2019 578 2053 tristes
597 2026 632 2054 et
650 2027 781 2054 tunsae
799 2027 950 2066 pectora
968 2021 1101 2066 palmis
1120 2034 1127 2056 :

214 2076 300 2110 diva
317 2077 395 2110 solo
413 2076 503 2110 fixos
522 2077 648 2111 oculos
667 2089 799 2112 aversa
816 2079 978 2113 tenebat.

213 2141 267 2168 ter
285 2134 423 2168 circum
443 2134 576 2168 Iliacos
594 2142 804 2180 raptaverat
825 2137 990 2171 Hectora
1008 2148 1133 2171 muros

212 2193 495 2237 exanimumque
513 2204 601 2226 auro
620 2205 751 2238 corpus
769 2195 954 2229 vendebat
972 2195 1144 2230 Achilles.

212 2257 290 2285 tum
307 2262 394 2284 vero
412 2250 600 2294 ingentem
617 2251 797 2296 gemitum
815 2253 877 2287 dat
896 2260 1044 2297 pectore
1062 2253 1109 2287 ab
1128 2252 1212 2296 imo,
1404 2254 1472 2300 485

213 2314 250 2343 ut
269 2309 397 2353 spolia,
416 2314 454 2343 ut
473 2320 612 2351 curru5‚
632 2316 744 2355 utque
762 2310 884 2355 ipsum
902 2322 1034 2355 corpus
1053 2311 1163 2345 amici

211 2366 503 2419 tendentemque
518 2378 650 2407 manus
671 2367 857 2405 Priamum
877 2368 1068 2417 conspexit
1087 2369 1256 2407 inerme&
