1731 2573
436 155 470 182 P.
500 153 664 183 VERGILI
694 153 872 179 MARONIS
901 152 1103 179 AENEIDOS
1133 152 1208 179 LIB.
1241 153 1268 180 1.

294 251 486 296 inliditque
503 249 608 284 vadis
626 256 738 295 atque
756 260 892 294 aggere
910 249 1024 293 cingit
1041 249 1212 284 harenae.

294 320 416 351 unam,
435 319 529 352 quae
549 307 681 350 Lycios
699 307 888 351 fidumque
905 307 1064 341 vehebat
1084 307 1261 350 Oronten,

294 367 407 413 ipsius
425 372 510 400 ante
527 365 653 399 oculos
672 364 803 408 ingens
821 376 843 399 a
860 365 996 399 vertice
1014 371 1148 409 pontus

292 425 330 459 in
345 423 499 469 puppim
516 423 598 458 ferit
615 435 622 458 ε
649 422 831 457 excutitur
849 434 1060 468 pronusque
1077 422 1257 467 magister

291 482 447 517 volvitur
463 481 500 515 in
519 488 628 526 caput
646 493 654 523 ;
681 487 737 515 ast
757 481 857 515 illam
876 488 931 515 ter
949 481 1080 515 fluctus
1097 481 1235 515 ibidem

290 545 434 584 torquet
454 550 569 583 agens
588 539 735 583 circum,
755 546 791 573 et
809 539 960 583 rapidus
978 545 1082 572 vorat
1100 550 1262 584 aequore
1280 545 1431 572 vortex..

289 609 468 643 apparent
485 597 556 631 rari
575 604 706 632 nantes
725 597 762 631 in
780 597 924 641 gurgite
942 604 1059 639 vasto,

289 668 393 691 arma
408 655 527 690 virum
546 657 766 700 tabulaeque
785 662 821 690 et
840 657 952 690 Troia
970 668 1060 700 gaza
1078 667 1143 701 per
1159 655 1291 690 undas.

288 715 362 749 iam
379 714 541 748 validam
561 714 691 748 Ilionei
709 725 854 757 navem,
874 714 949 748 iam
967 714 1070 748 fortis
1088 713 1235 756 Achati,

288 779 323 807 et
341 783 413 818 qua
430 779 556 806 vectus
574 772 689 815 Abas,
710 779 746 806 et
764 783 838 817 qua
854 773 1089 816 grandaevus
1107 772 1245 815 Aletes,

287 830 374 864 vicit
392 830 536 875 hiemps
554 844 561 872 ;
588 831 679 864 laxis
697 830 854 864 laterum
872 831 1115 875 compagibus
1134 842 1264 864 ornnes

288 887 472 933 accipiunt
491 887 681 922 inimicum
700 888 855 922 imbrem
874 887 1050 933 rimisque
1068 887 1252 922 fatiscunt.

566 999 738 1044 Neptune
754 999 904 1034 rebukes
921 999 980 1033 slce
997 999 1120 1033 wz'nds

333 1090 473 1124 interea
490 1101 628 1134 magno
646 1090 792 1123 misceri
811 1102 997 1124 murmure
1016 1097 1172 1135 pontum

286 1147 534 1192 emissamque
552 1147 713 1181 hiemem
733 1147 846 1181 sensit
868 1148 1065 1192 Neptunus
1083 1154 1119 1181 et
1138 1147 1221 1181 imis

286 1211 417 1249 stagna
433 1205 556 1239 refusa
572 1204 688 1247 vadis,
707 1204 868 1248 graviter
886 1212 1093 1239 commotus
1112 1218 1119 1246 ;
1145 1212 1181 1239 et
1199 1206 1274 1239 alto

284 1263 514 1308 prospiciens
533 1274 678 1296 summa
697 1263 884 1307 placidum
904 1270 1013 1308 caput
1033 1263 1160 1298 extulit
1177 1264 1287 1298 unda.

284 1321 478 1355 disiectam
495 1322 646 1354 Aeneae
664 1327 742 1355 toto
761 1320 860 1355 videt
879 1332 1039 1365 aequore
1057 1322 1228 1364 classem,

284 1378 454 1413 fluctibus
472 1390 669 1423 oppressos
690 1380 807 1413 Troas
828 1379 992 1424 caelique
1010 1379 1125 1423 ruina,

284 1448 352 1471 nec
370 1437 507 1471 latuere
525 1437 600 1471 doli
618 1437 769 1471 fratrem
793 1437 943 1471 Iunonis
961 1444 996 1471 et
1014 1437 1100 1472 irae.

285 1495 427 1529 Eurum
444 1495 492 1529 ad
509 1506 548 1529 se
567 1495 847 1540 Zephyrumque
866 1503 985 1539 vocat,
1004 1496 1138 1530 dehinc
1157 1495 1245 1530 talia
1262 1496 1358 1530 fatur
1375 1508 1381 1529 :

331 1552 508 1587 ‘tantane
525 1564 591 1586 vos
610 1553 756 1597 generis
777 1553 893 1587 tenuit
913 1553 1050 1588 fiducia
1065 1553 1203 1588 vestri?

282 1610 357 1645 iam
374 1611 518 1645 caelum
534 1618 743 1656 terramque
763 1623 848 1645 meo
868 1611 946 1646 sine
964 1612 1126 1655 numine,
1144 1612 1255 1652 venti,

282 1668 448 1712 miscere,
467 1675 502 1703 et
520 1675 642 1703 tantas
662 1669 806 1703 audetis
826 1670 953 1704 tollere
971 1670 1087 1704 moles
1102 1670 1116 1704 ?

282 1738 376 1773 quos
394 1727 580 1771 ego—sed
597 1734 718 1761 motos
737 1734 901 1772 praestat
921 1739 1144 1772 componere
1162 1727 1294 1762 fluctus
1312 1739 1318 1761 ε

282 1792 366 1830 post
383 1785 473 1818 mihi
491 1797 564 1819 non
584 1784 693 1819 simili
713 1797 834 1830 poena
853 1785 1054 1820 commissa
1071 1785 1190 1820 luetis.

282 1849 464 1877 maturate
481 1843 617 1887 fugam,
637 1843 787 1889 regique
805 1844 898 1878 haec
917 1843 1028 1878 dicite
1046 1850 1168 1878 vestro
1185 1856 1192 1879 :

283 1912 357 1935 non
375 1901 424 1935 illi
443 1901 637 1946 imperium
656 1901 777 1946 pelagi
797 1914 1022 1947 saevumque
1042 1902 1252 1945 tridentem,

283 1959 349 1993 sed
366 1958 455 1992 mihi
474 1965 572 1994 sorte
590 1959 728 1994 datum.
779 1966 880 1995 tenet
898 1959 958 1994 ille
976 1960 1140 1994 inmania
1159 1971 1261 2004 saxa,

282 2022 436 2059 vestras,
457 2017 569 2059 Eure,
590 2017 722 2052 domos
739 2030 747 2059 3
774 2017 835 2052 illa
853 2030 891 2052 se
910 2018 1021 2052 iactet
1040 2017 1075 2052 in
1095 2018 1179 2052 aula

284 2075 420 2109 Aeolus
438 2081 474 2109 et
492 2075 617 2109 clauso
634 2082 828 2110 ventorum
847 2087 994 2110 carcere
1012 2076 1161 2120 regnet.'

648 2187 730 2221 and
741 2187 830 2221 lulls
847 2187 905 2221 tlte
921 2191 1048 2222 storm.

329 2270 381 2305 sic
398 2271 460 2312 ait,
478 2277 513 2304 et
531 2271 631 2305 dicto
649 2271 756 2305 citius
774 2271 916 2305 tumida
930 2283 1094 2317 aequora
1112 2272 1246 2316 placat,

282 2328 528 2373 collectasque
546 2329 648 2372 fugat
665 2329 783 2363 nubes
801 2330 990 2374 solemque
1008 2330 1160 2365 reducit.

282 2386 488 2430 Cymothoe
507 2385 616 2421 simul
634 2393 670 2421 et
688 2386 819 2422 Triton
836 2387 992 2422 adnixus
1010 2395 1120 2423 acuto

1488 431 1551 466 115

1488 724 1551 747 120

1486 1156 1548 1191 125

1483 1448 1548 1481 130

1483 1737 1543 1772 135

1482 2027 1546 2060 140
