1731 2573
337 127 371 156 P.
400 126 567 154 VERGILI
594 125 772 153 MARONIS
800 125 1000 152 AENEIDOS
1027 126 1105 153 LIB.
1136 125 1162 153 1.
1403 116 1449 152 13

199 225 350 270 Europa
366 230 476 270 atque
492 222 584 257 Asia
601 221 750 268 pulsus)
798 233 867 256 nec
885 222 989 267 plura
1007 228 1222 267 querentem
1389 223 1431 267 38
1437 232 1454 266 5

198 294 310 328 passa
326 283 453 316 Venus
471 281 595 315 medio
614 280 666 314 sic
685 280 862 315 interfata
878 280 1006 314 dolore
1023 286 1079 314 est
1095 291 1103 314 2

491 393 532 426 Is
547 392 718 427 consoled
728 392 772 438 by
788 391 848 426 leis
865 390 1016 427 mother.

246 484 256 502 ‘
269 483 434 530 quisquis
451 495 501 526 es,
522 483 636 527 haud,
656 483 779 525 credo,
798 482 938 517 invisus
956 483 1176 518 caelestibus
1194 495 1302 517 auras

197 542 327 577 vitales
344 542 476 586 carpis,
495 541 647 586 Tyriam
665 541 726 586 qui
745 541 940 575 adveneris
958 542 1096 575 urbem.

198 612 310 645 perge
326 600 439 634 modo
455 606 566 644 atque
583 598 670 634 hinc
687 599 891 643 te'reginae
908 599 957 633 ad
975 598 1104 633 limina
1121 599 1249 643 perfer.

197 670 358 703 namque
375 657 441 691 tibi
459 657 615 691 reduces
633 657 755 691 socios
773 657 1007 702 classemque
1025 658 1180 691 relatam
1394 666 1462 699 390

198 715 326 750 nuntio
344 722 380 749 et
397 714 434 749 in
452 722 571 749 tutum
588 715 704 749 versis
722 714 970 760 Aquilonibus
988 722 1122 757 actam,

198 773 235 808 ni
252 774 385 808 frustra
402 774 594 818 augurium
611 773 697 807 vani
715 773 874 808 docuere
890 779 1074 817 parentes.

197 820 316 877 asp'ice
333 832 387 865 bis
401 843 506 865 senos
522 831 701 865 laetantes
718 832 868 876 agmine
884 842 1024 876 cycnos,

197 890 361 923 aetheria
379 901 470 934 quos
486 889 594 934 lapsa
603 889 726 933 plaga
742 889 847 923 Iovis
863 889 940 922 ales
955 891 1083 933 aperto

199 947 372 981 turbabat
385 948 509 988 melo,-
532 958 633 981 mmc
646 950 767 981 terras
783 947 912 980 ordine
929 947 1037 991 longo
1051 945 1055 948 ’
1393 954 1457 990 395

199 1009 268 1039 aut
282 1008 408 1050 capere
424 1009 494 1038 aut
509 1007 634 1049 captas
650 1007 727 1038 iam
745 1005 949 1049 despectare
965 1004 1168 1038 videntur:

200 1067 244 1097 ut
258 1063 405 1097 reduces
420 1063 487 1096 z'llz'
498 1063 641 1096 ludunt
653 1063 896 1096 stridentibus
912 1062 986 1096 alis

198 1123 234 1154 et
249 1125 348 1154 coetu
364 1121 512 1154 cinxere
527 1120 663 1165 polum
680 1124 881 1164 cantusque
899 1120 1036 1163 dedere,

198 1178 304 1212 haud
315 1179 428 1211 aliter
434 1180 650 1222 puppesque
668 1181 755 1211 tuae
763 1178 951 1222 pubesque
964 1181 1115 1211 tuorum

199 1239 267 1269 aut
283 1238 439 1280 portum
457 1239 553 1269 tenet
567 1239 636 1269 aut
643 1236 757 1280 plene
772 1236 874 1269 subit
885 1237 980 1269 ostia
996 1236 1088 1268 velo.
1393 1244 1462 1276 400

201 1305 313 1339 perge
331 1294 443 1327 modo
462 1300 509 1336 et,
529 1305 601 1338 qua
619 1299 655 1327 te
673 1293 774 1328 ducit
791 1293 865 1336 via,
886 1293 1004 1337 dirige
1021 1294 1207 1337 gressum.¹

362 1406 397 1439 T
392 1405 436 1439 lle
445 1405 612 1450 goddess,
631 1405 829 1451 revealz'ng
841 1404 986 1450 herself,
1008 1405 1167 1450 departs.

247 1496 347 1540 dixit,
366 1503 402 1531 et
419 1503 589 1531 avertens
607 1509 714 1531 rosea
733 1496 875 1531 cervice
894 1496 1047 1539 refulsit,

201 1555 481 1600 ambrosiaeque
499 1566 629 1588 comae
648 1554 813 1588 divinum
831 1554 967 1588 vertice
985 1555 1138 1588 odorem

201 1612 385 1657 spiravere
405 1625 413 1654 ;
438 1613 552 1657 pedes
568 1612 682 1646 vestis
701 1612 851 1646 defluxit
869 1612 917 1646 ad
934 1612 1027 1646 imos
1047 1624 1054 1646 :

200 1677 237 1705 et
253 1682 340 1705 vera
357 1670 503 1704 incessu
522 1670 639 1715 patuit
657 1671 737 1704 dea.
789 1670 848 1704 ille
866 1670 928 1704 ubi
946 1676 1102 1704 matrem
1394 1679 1460 1713 405

201 1728 388 1772 adgnovit,
409 1728 473 1762 tali
491 1728 695 1772 fugientem
712 1734 768 1762 est
785 1739 877 1762 voce
895 1735 1042 1762 secutus
1061 1740 1068 1763 :

202 1786 290 1831 quid
307 1793 435 1820 natum
451 1786 598 1828 totiens,
620 1785 780 1820 crudelis
797 1793 836 1820 tu
854 1797 1013 1831 quoque,
1033 1786 1136 1821 falsis

202 1843 297 1877 ludis
315 1843 538 1888 imaginibus
553 1845 567 1878 ?
615 1855 679 1878 cur
696 1844 847 1879 dextrae
864 1844 1016 1888 iungere
1034 1845 1202 1878 dextram

203 1913 277 1935 non
294 1902 412 1944 datur,
429 1913 473 1935 ac
490 1913 596 1936 veras
614 1902 742 1936 audire
759 1909 795 1936 et
814 1902 968 1936 reddere
986 1913 1097 1936 voces
1111 1902 1141 1935 ?’

203 1958 336 1993 talibus
354 1959 508 2002 incusat,
527 1971 769 2005 gressumque
786 1960 834 1994 ad
853 1960 1001 1994 moenia
1018 1959 1145 1994 tendit.
1398 1969 1467 2001 410

203 2025 240 2051 at
257 2018 384 2051 Venus
401 2019 558 2052 obscuro
576 2019 790 2063 gradientes
810 2023 895 2053 ae're
913 2018 1063 2063 saepsit,

204 2082 239 2109 et
257 2075 373 2110 multo
390 2077 545 2110 nebulae
563 2077 701 2111 circum
719 2077 790 2111 dea
806 2076 901 2111 fudit
918 2077 1068 2120 amictu,

205 2145 353 2168 cernere
370 2146 416 2168 ne
434 2134 516 2179 quis
533 2146 598 2169 eos
615 2147 686 2169 neu
706 2136 787 2180 quis
806 2136 1023 2179 contingere
1042 2141 1180 2180 posset,

204 2192 368 2226 molirive
386 2204 529 2226 moram
547 2200 611 2227 aut
627 2193 801 2228 veniendi
820 2205 973 2238 poscere
990 2205 1135 2227 causas.

206 2249 286 2294 ipsa
305 2251 475 2295 Paphum
493 2251 660 2285 sublimis
678 2251 766 2295 abit,
787 2252 971 2296 sedesque
988 2251 1116 2286 revisit
1397 2254 1467 2291 415

206 2308 303 2342 laeta
319 2320 414 2352 suas,
433 2308 494 2343 ubi
513 2310 691 2354 templum
711 2309 773 2351 illi,
796 2317 1017 2356 centumque
1038 2310 1184 2345 Sabaeo

205 2372 284 2402 ture
301 2366 422 2403 calent
439 2378 524 2403 arae
543 2367 723 2415 sertisque
740 2368 950 2404 recentibus
969 2368 1108 2405 halant.
