1731 2573
373 164 406 190 P.
436 161 601 189 VERGILI
631 160 808 186 MARONIS
837 159 1038 186 AENEIDOS
1067 159 1144 185 LIB.
1175 159 1202 186 1.

568 267 718 303 VENUs’
746 276 1007 302 STRATAGEM.

466 360 497 395 C
495 360 592 405 apid
602 360 900 406 substz'tutedsor
913 359 1114 393 Ascanius.

278 448 314 477 at
333 441 516 485 Cytherea
533 452 649 474 novas
666 447 776 482 artes,
795 451 893 474 nova
911 447 1060 484 pectore
1077 445 1201 473 versat

231 499 394 542 consilia,
414 504 452 532 ut
469 497 603 532 faciem
621 504 784 531 mutatus
803 503 838 531 et
857 508 922 531 ora
942 496 1086 541 Cupido

231 569 297 602 pro
314 556 412 590 dulci
430 556 594 589 Ascanio
612 554 747 598 veniat,
767 555 950 599 donisque
968 555 1152 588 furentem

231 615 403 648 incendat
421 613 588 658 reginam
605 620 717 658 atque
735 612 881 647 ossibus
902 612 1052 657 inplicet
1070 612 1207 656 ignem.

231 672 366 717 quippe
383 672 536 705 domum
554 671 659 705 timet
678 670 892 714 ambiguam
913 670 1120 715 Tyriosque
1137 669 1320 713 bilingues
1338 681 1346 710 ;

230 730 301 764 urit
319 737 423 764 atrox
444 730 546 772 Iuno,
565 736 601 763 et
621 729 689 762 sub
708 736 855 763 noctem
877 740 964 762 cura
982 734 1155 762 recursat.

231 799 320 832 ergo
337 787 395 821 his
413 787 592 831 aligerum
609 786 719 821 dictis
737 786 870 820 affatur
887 788 1065 820 Amorem
1083 797 1090 820 ε

213 847 221 862 ‘
234 853 331 888 nate,
350 857 455 879 meae
473 845 581 886 vires,
594 856 688 884 mea
705 856 842 888 magna
860 844 1026 889 potentia
1045 844 1159 884 solus,

190 929 194 932 .
232 910 329 947 nate,
352 903 471 937 Patris
490 902 625 936 summi
644 902 704 947 qui
723 903 798 936 tela
816 902 987 947 Typhoia
1005 902 1151 945 temnis,

233 962 281 996 ad
300 969 334 996 te
352 961 523 1005 confugio
541 968 577 995 et
595 961 751 1006 supplex
768 967 832 994 tua
849 961 1002 994 numina
1020 971 1145 1004 posco.

233 1020 348 1053 frater
363 1026 403 1053 ut
420 1020 569 1052 Aeneas
588 1019 721 1063 pelago
739 1024 823 1052 tuus
841 1018 968 1052 onmia
983 1018 1122 1051 circum

234 1077 341 1111 litora
359 1077 514 1111 iactetur
532 1076 627 1110 odiis
649 1076 802 1110 Iunonis
820 1077 988 1118 acerbae,

236 1142 325 1170 nota
342 1135 420 1178 tibi,
439 1142 475 1169 et
492 1142 619 1168 nostro
638 1135 787 1168 doluisti
808 1146 919 1179 saepe
936 1135 1072 1168 dolore.

234 1205 331 1226 nunc
352 1192 556 1226 Phoenissa
573 1199 672 1226 tenet
693 1192 794 1226 Dido
811 1192 1032 1237 blandisque
1050 1198 1216 1226 moratur

234 1250 386 1285 vocibus
402 1263 410 1292 3
437 1257 472 1284 et
490 1261 627 1292 vereor,
648 1262 721 1295 quo
739 1261 779 1284 se
800 1249 956 1283 Iunonia
973 1257 1117 1284 vertant

235 1308 419 1353 hospitia3
443 1307 544 1342 haud
561 1314 666 1342 tanto
685 1308 845 1342 cessabit
865 1307 1017 1342 cardine
1036 1319 1168 1341 rerum.

236 1367 409 1412 quocirca
425 1378 557 1411 capere
575 1373 662 1400 ante
680 1366 775 1400 dolis
795 1373 830 1401 et
849 1366 996 1410 cingere
1018 1367 1171 1400 flamma

236 1425 403 1469 reginam
420 1424 592 1467 meditor,
612 1435 659 1458 ne
677 1436 751 1469 quo
770 1435 809 1458 se
828 1424 979 1458 numine
998 1431 1126 1465 mutet,

236 1482 302 1516 sed
320 1493 456 1525 magno
475 1484 625 1516 Aeneae
642 1493 788 1515 mecum
808 1489 978 1516 teneatur
994 1493 1131 1515 amore.

237 1552 310 1585 qua
326 1540 448 1574 facere
466 1539 504 1573 id
523 1540 654 1584 possis,
676 1547 843 1573 nostram
861 1551 959 1574 nunc
978 1539 1105 1584 accipe
1124 1545 1296 1574 mentem.

236 1598 358 1643 regius
375 1597 495 1632 accitu
513 1597 587 1631 cari
605 1597 783 1641 genitoris
801 1597 851 1631 ad
868 1598 998 1631 urbem

239 1655 432 1691 Sidoniam
449 1666 540 1699 puer
557 1654 609 1689 ire
627 1662 743 1700 parat,
762 1667 848 1690 mea
864 1655 1028 1690 maxima
1046 1667 1142 1698 cura,

236 1715 336 1748 dona
351 1713 473 1748 ferens
491 1713 624 1758 pelago
642 1720 677 1747 et
695 1713 855 1747 fiammis
874 1713 1054 1748 restantia
1072 1713 1206 1748 Troiae
1224 1726 1232 1754 ;

235 1772 334 1806 hunc
351 1783 421 1816 ego
438 1771 600 1815 sopitum
621 1782 753 1805 somno
771 1782 882 1816 super
899 1772 975 1806 alta
995 1772 1156 1815 Cythera

238 1837 299 1864 aut
317 1841 426 1874 super
446 1829 605 1863 Idalium
623 1838 770 1864 sacrata
787 1830 876 1863 sede
894 1829 1109 1872 recondam,

238 1898 285 1921 ne
302 1899 375 1932 qua
392 1887 485 1921 scire
503 1887 609 1921 dolos
627 1887 820 1921 mediusve
837 1898 1032 1921 occurrere
1049 1887 1176 1931 possit.

239 1951 278 1979 tu
295 1944 428 1978 faciem
445 1945 540 1978 illius
558 1952 708 1980 noctem
725 1957 800 1979 non
818 1945 978 1990 amplius
996 1956 1110 1979 unam

239 2003 323 2037 falle
340 2003 427 2036 dolo
444 2009 480 2036 et
497 2009 606 2036 notos
623 2003 727 2048 pueri
744 2014 836 2047 puer
854 2003 966 2037 indue
983 2003 1117 2045 vultus,

240 2067 290 2104 ut,
307 2071 391 2094 cum
408 2067 444 2094 te
461 2060 603 2104 gremio
620 2061 778 2105 accipiet
797 2060 1002 2095 laetissima
1020 2061 1122 2094 Dido

240 2118 384 2162 regales
401 2118 496 2152 inter
512 2129 662 2152 mensas
679 2118 904 2164 laticemque
923 2119 1101 2163 Lyaeum,

240 2188 325 2211 cum
342 2176 446 2210 dabit
463 2176 656 2221 amplexus
673 2183 786 2221 atque
802 2177 931 2211 oscula
949 2177 1072 2211 dulcia
1090 2176 1188 2220 figet,

239 2235 424 2269 occultum
442 2234 598 2278 inspires
617 2233 742 2278 ignem
759 2235 940 2280 fallasque
958 2234 1129 2269 veneno.’

287 2299 390 2338 paret
409 2293 525 2326 Amor
542 2291 652 2326 dictis
670 2303 777 2326 carae
795 2292 1004 2337 genetricis,
1023 2300 1059 2327 et
1077 2293 1154 2326 alas

240 2351 338 2384 exuit
356 2357 391 2385 et
408 2361 538 2394 gressu
555 2350 724 2394 gaudens
742 2349 880 2385 incedit
902 2350 981 2385 Iuli.

241 2415 278 2442 at
297 2408 423 2443 Venus
442 2408 605 2442 Ascanio
621 2408 809 2453 placidam
829 2421 893 2454 per
911 2409 1081 2443 membra
1099 2408 1263 2454 quietem

1441 147 1487 184 21

1426 610 1496 644 660

1428 900 1495 944 665

1431 1191 1500 1233 670

1432 1770 1502 1803 680

1434 2059 1500 2102 685

1434 2349 1504 2390 690
