1731 2573
369 143 401 171 P.
432 141 598 168 VERGILI
626 141 805 168 MARONIS
833 142 1034 168 AENEIDOS
1064 142 1140 169 LIB.
1171 142 1196 169 1.

231 239 432 274 caesariem
449 245 537 273 nato
554 238 720 283 genetrix
737 239 935 283 lumenque
953 238 1123 273 iuventae

231 309 454 344 purpureum
471 304 507 331 et
524 297 641 330 laetos
659 296 774 330 oculis
793 297 949 331 adflarat
968 297 1127 331 honores
1145 310 1151 331 z

231 356 338 401 quale
355 366 485 392 manus
504 355 645 389 addunt
664 354 764 388 ebori
784 355 909 398 decus,
929 361 991 389 aut
1009 355 1071 388 ubi
1089 355 1184 389 flavo

231 419 424 458 argentum
445 412 619 447 Pariusve
636 413 730 457 lapis
749 412 999 447 circumdatur
1015 424 1114 447 auro.
1133 424 1136 426 ·

585 513 662 546 His
678 513 815 558 appeal
828 518 864 547 lo
881 514 992 548 Dido.

228 601 306 630 tum
323 594 376 628 sic
394 592 560 638 reginam
578 594 790 639 adloquitur
807 594 1022 639 cunctisque
1040 601 1192 639 repente

227 652 435 697 inprovisus
452 651 503 686 ait
519 664 525 686 ι
555 652 563 668 ‘
575 663 710 695 coram,
730 663 841 697 quern
859 652 1046 697 quaeritis,
1066 653 1197 687 adsum

229 710 362 745 Troius
380 711 538 754 Aeneas,
556 709 707 754 Libycis
725 717 872 755 ereptus
890 711 938 745 ab
956 711 1076 745 undis.

228 781 250 803 o
268 769 348 803 sola
365 768 536 802 infandos
554 768 690 802 Troiae
707 768 883 803 miserata
901 769 1058 812 labores,

228 838 324 873 quae
340 838 420 870 nos,
438 826 612 871 reliquias
631 827 819 868 Danaum,
841 833 1034 871 terraeque
1052 827 1240 872 marisque

229 885 400 919 omnibus
417 885 615 918 exhaustos
634 883 709 918 iam
726 884 884 928 casibus,
903 885 1069 919 omnium
1087 896 1224 929 egenos

228 944 319 978 urbe
336 943 448 977 domo
466 943 597 985 socias,
615 950 739 987 grates
758 943 966 987 persolvere
983 943 1115 988 dignas

229 1013 303 1036 non
321 1001 402 1046 opis
419 1007 475 1035 est
492 1007 650 1043 nostrae,
670 1000 783 1043 Dido,
801 1013 870 1035 nec
888 1001 1068 1046 quidquid
1086 1001 1221 1046 ubique
1240 1009 1295 1036 est

228 1059 348 1105 gentis
368 1059 594 1100 Dardaniae,
616 1070 793 1103 magnum
812 1071 907 1104 quae
926 1071 1054 1104 sparsa
1072 1071 1138 1104 per
1154 1060 1293 1094 orbem.

228 1118 266 1152 di
283 1117 359 1159 tibi,
378 1117 407 1151 si
427 1128 500 1161 qua
516 1116 597 1161 pios
615 1123 826 1161 respectant
843 1117 1008 1160 numina,
1026 1117 1056 1151 si
1074 1117 1163 1162 quid

227 1186 385 1219 usquam
402 1173 543 1208 iustitia
559 1180 615 1208 est
633 1181 669 1208 et
687 1185 793 1208 mens
812 1174 881 1208 sibi
900 1175 1051 1209 conscia
1069 1175 1170 1217 recti,

227 1232 393 1278 praemia
411 1232 525 1276 digna
541 1231 672 1266 ferant.
725 1243 820 1277 quae
837 1239 874 1266 te
891 1239 969 1267 tarn
987 1233 1085 1267 laeta
1103 1234 1263 1268 tulerunt

227 1291 376 1325 saecula
390 1291 404 1325 ?
452 1289 514 1336 qui
532 1289 626 1324 tanti
643 1290 757 1324 talem
775 1302 937 1335 genuere
954 1298 1127 1336 parentes
1141 1293 1154 1325 ?

228 1348 266 1382 in
282 1349 375 1382 freta
389 1347 477 1382 dum
495 1347 596 1382 fluvii
614 1354 770 1390 current,
789 1348 878 1382 dum
896 1349 1084 1383 montibus
1102 1350 1255 1384 umbrae

227 1407 435 1441 lustrabunt
453 1417 631 1449 convexa,
649 1407 755 1451 polus
773 1406 863 1440 dum
880 1406 1004 1441 sidera
1021 1414 1159 1452 pascet,

228 1476 375 1509 semper
391 1464 510 1498 honos
527 1475 740 1509 nomenque
757 1471 860 1498 tuum
878 1465 1081 1510 laudesque
1100 1465 1314 1509 manebunt,

227 1534 322 1568 quae
339 1533 399 1556 me
417 1533 575 1567 cumque
592 1529 727 1556 vocant
744 1521 887 1556 terrae.'
937 1522 990 1556 sic
1008 1523 1104 1558 fatus
1123 1523 1284 1558 amicum

231 1580 371 1615 Ilionea
388 1580 477 1625 petit
496 1580 634 1622 dextra,
654 1580 834 1625 laevaque
854 1581 1053 1625 Serestum,

227 1646 311 1684 post
328 1638 430 1681 alios,
449 1638 654 1683 fortemque
674 1639 781 1682 Gyan
799 1638 1005 1683 fortemque
1026 1639 1259 1674 Cloanthum.

530 1739 660 1773 Dido’s
675 1739 919 1784 sympathelz'c
934 1739 1047 1785 reply.

273 1819 461 1864 obstupuit
481 1819 598 1864 primo
617 1825 770 1864 aspectu
791 1819 945 1854 Sidonia
964 1819 1076 1861 Dido,

227 1889 315 1911 casu
332 1877 468 1912 deinde
485 1877 552 1911 viri
570 1884 688 1921 tanto,
708 1884 743 1912 et
761 1877 814 1912 sic
832 1889 894 1912 ore
911 1878 1035 1912 locuta
1054 1885 1109 1912 est
1127 1891 1133 1912 :

206 1935 215 1952 ‘
227 1935 309 1980 quis
326 1942 374 1978 te,
391 1944 477 1970 nate
495 1936 576 1979 dea,
595 1947 661 1980 per
677 1942 781 1970 tanta
798 1935 962 1980 pericula
980 1947 1087 1970 casus

227 1993 459 2038 insequitur?
507 2005 601 2039 quae
619 1993 674 2028 vis
693 1993 904 2028 inmanibus
921 1994 1084 2039 applicat
1102 1994 1202 2029 oris?

227 2058 314 2086 tune
332 2051 391 2085 ille
408 2052 567 2096 Aeneas,
586 2063 697 2097 quem
717 2051 910 2086 Dardanio
926 2052 1115 2086 Anchisae

226 2110 324 2143 alma
341 2110 468 2144 Venus
488 2110 638 2154 Phrygii
655 2110 782 2155 genuit
802 2110 1003 2145 Simoentis
1021 2111 1068 2144 ad
1086 2111 1251 2145 undam?

225 2175 336 2213 atque
353 2168 526 2214 equidem
544 2169 730 2203 Teucrum
747 2169 900 2203 memini
921 2168 1062 2203 Sidona
1078 2169 1204 2203 venire

224 2226 358 2260 finibus
376 2227 567 2271 expulsum
585 2226 728 2271 patriis,
747 2238 845 2261 nova
861 2238 975 2271 regna
993 2234 1180 2272 petentem

223 2284 357 2318 auxilio
378 2284 455 2318 Beli
474 2297 482 2326 ;
506 2284 652 2328 genitor
667 2291 748 2319 tum
767 2285 877 2319 Belus
895 2285 1059 2330 opimam

221 2342 392 2376 vastabat
412 2343 575 2387 Cyprum
593 2349 628 2377 et
646 2343 764 2378 victor
780 2343 920 2378 ditione
938 2344 1101 2377 tenebat.

221 2405 388 2445 tempore
405 2400 478 2435 iam
497 2411 542 2435 ex
560 2400 621 2435 illo
639 2412 746 2435 casus
765 2401 853 2436 mihi
874 2401 1043 2446 cognitus
1063 2401 1162 2435 urbis

1438 132 1485 169 19

1422 247 1490 285 590

1423 662 1487 698 595

1422 945 1491 978 600

1421 1234 1467 1268 60
1471 1243 1488 1279 5

1419 1524 1489 1558 610

1417 1939 1484 1982 615

1416 2228 1486 2262 620
