1731 2573
254 150 303 186 22

534 161 567 187 P.
597 161 764 187 VERGILI
792 161 970 188 MARONIS
999 161 1199 189 AENEIDOS
1228 163 1305 190 LIB.
1337 164 1364 191 1.

393 257 537 301 inrigat,
557 264 592 292 et
610 258 728 291 fotum
745 258 887 302 gremio
905 258 977 292 dea
993 258 1087 293 tollit
1105 258 1142 293 in
1160 260 1256 294 altos

395 315 535 349 Idaliae
554 316 669 359 lucos,
686 315 749 349 ubi
768 316 889 349 mollis
908 327 1100 351 amaracus
1119 317 1222 352 illum

391 373 541 407 floribus
561 380 594 407 et
611 373 708 407 dulci
727 374 923 418 adspirans
942 376 1197 419 complectitur
1214 376 1358 411 umbra.

789 486 881 519 THE
909 487 1122 527 BANQUET.

437 576 585 621 iamque
603 575 680 610 ibat
699 576 799 610 dicto
818 588 951 621 parens
970 584 1004 611 et
1024 578 1122 612 dona
1142 578 1286 623 Cupido

391 635 493 679 regia
511 635 682 679 portabat
701 634 823 678 Tyriis
841 635 934 669 duce
952 636 1071 670 laetus
1090 637 1242 671 Achate.

392 705 475 727 cum
492 693 602 735 venit,
621 692 760 727 aulaeis
777 692 853 726 iarn
870 705 909 727 se
927 694 1055 738 regina
1073 694 1242 738 superbis

390 763 503 785 aurea
520 751 727 795 composuit
745 752 890 796 sponda
907 752 1146 797 mediamque
1164 752 1318 795 locavit;

390 809 464 844 iarn
482 816 587 853 pater
604 810 752 843 Aeneas
770 816 805 844 et
824 809 898 843 iam
917 810 1079 844 Troiana
1098 810 1269 845 iuventus
1360 856 1363 859 ἢ

391 867 625 910 conveniunt,
645 873 834 912 stratoque
853 878 963 912 super
980 867 1226 902 discumbitur
1243 875 1353 904 ostro.

390 925 479 960 dant
498 925 669 959 manibus
688 925 814 959 famuli
833 925 1018 970 lymphas,
1041 927 1288 971 Cereremque
1306 927 1476 962 canistris

391 983 599 1029 expediunt,
619 983 813 1028 tonsisque
831 984 951 1018 ferunt
969 984 1147 1018 mantelia
1164 984 1270 1019 villis.

392 1041 661 1087 quinquaginta
679 1041 778 1076 intus
796 1041 968 1085 famulae,
986 1041 1119 1086 quibus
1137 1042 1266 1077 ordine
1285 1043 1437 1086 longam

391 1111 478 1134 cura
496 1110 632 1144 penum
652 1106 792 1134 struere
811 1106 846 1134 et
865 1099 1025 1133 flammis
1044 1099 1193 1134 adolere
1211 1107 1365 1145 penates
1382 1113 1391 1142 3

391 1164 539 1192 centum
557 1157 652 1191 aliae
670 1157 901 1202 totidemque
919 1169 1027 1202 pares
1044 1164 1165 1192 aetate
1183 1158 1356 1201 ministri,

391 1216 453 1261 qui
473 1216 631 1260 dapibus
649 1227 799 1249 mensas
819 1222 971 1249 onerent
990 1222 1025 1249 et
1043 1217 1176 1260 pocula
1193 1222 1344 1260 ponant.

390 1285 460 1308 nec
478 1285 552 1307 non
571 1280 606 1307 et
625 1272 726 1316 Tyrii
746 1284 811 1318 per
829 1273 957 1307 limina
974 1273 1072 1307 laeta
1089 1273 1302 1319 frequentes

391 1342 606 1374 convenere,
624 1330 714 1364 toris
733 1330 819 1364 iussi
840 1331 1073 1365 discumbere
1092 1330 1210 1375 pictis.

390 1390 569 1423 mirantur
587 1389 687 1423 dona
704 1389 864 1431 Aeneae,
883 1389 1064 1423 mirantur
1083 1389 1203 1422 Iulum

391 1447 664 1492 flagrantesque
681 1446 743 1481 dei
761 1447 882 1480 vultus
901 1446 1149 1492 simulataque
1166 1447 1281 1481 verba

392 1506 605 1551 pallamque
622 1511 658 1539 et
677 1505 818 1549 pictum
836 1515 967 1538 croceo
985 1505 1155 1539 velamen
1174 1505 1345 1540 acantho.

393 1563 592 1609 praecipue
609 1563 745 1607 infelix,
765 1562 860 1608 pesti
879 1563 1014 1597 devota
1031 1564 1187 1607 futurae,

390 1622 528 1667 expleri
546 1628 711 1656 mentem
728 1621 856 1666 nequit
874 1621 1108 1666 ardescitque
1125 1621 1265 1656 tuendo

392 1677 609 1723 Phoenissa,
628 1686 663 1714 et
683 1680 819 1725 pariter
837 1691 950 1724 puero
970 1679 1153 1724 donisque
1170 1685 1347 1714 movetur.

391 1738 451 1772 ille
469 1739 530 1772 ubi
550 1738 743 1782 complexu
762 1739 914 1772 Aeneae
933 1738 1101 1782 colloque
1119 1737 1296 1782 pependit

392 1803 427 1830 et
445 1807 621 1840 magnum
640 1794 723 1830 falsi
742 1795 897 1840 inplevit
915 1794 1092 1839 genitoris
1111 1806 1289 1839 amorem,

391 1853 558 1897 reginam
576 1853 676 1898 petit.
728 1853 822 1888 haec
840 1852 968 1895 oculis,
986 1853 1080 1887 haec
1098 1859 1248 1897 pectore
1265 1859 1343 1887 toto

391 1913 519 1946 haeret
537 1919 572 1946 et
590 1911 776 1946 interdum
793 1910 936 1955 gremio
954 1911 1063 1955 fovet,
1083 1910 1201 1944 inscia
1220 1910 1332 1953 Dido,

392 1971 528 2005 insidat
547 1978 706 2015 quantus
725 1970 882 2004 miserae
900 1970 1001 2003 deus.
1053 1975 1090 2003 at
1108 1980 1251 2003 memor
1269 1968 1329 2003 ille

392 2029 520 2063 matris
538 2028 729 2063 Acidaliae
747 2027 926 2072 paulatim
945 2027 1094 2061 abolere
1114 2027 1326 2071 Sychaeum

392 2087 530 2132 incipit,
552 2094 587 2121 et
606 2086 689 2120 vivo
707 2092 863 2130 temptat
882 2092 1113 2130 praevertere
1131 2096 1258 2120 amore

392 2145 465 2179 iam
484 2144 627 2189 pridem
645 2144 785 2179 resides
803 2143 947 2178 animos
966 2144 1193 2188 desuetaque
1211 2143 1332 2178 corda.

790 2255 895 2290 Wme
911 2256 991 2290 and
1005 2256 1115 2301 Song.

438 2354 637 2393 postquam
657 2346 776 2392 prima
793 2347 898 2392 quies
916 2346 1046 2391 epulis,
1069 2356 1296 2390 mensaeque
1314 2351 1488 2389 remotae,

390 2413 552 2441 crateras
571 2415 728 2450 magnos
747 2411 912 2440 statuunt
931 2411 966 2440 et
985 2404 1070 2438 vina
1088 2408 1277 2439 coronant.

1587 880 1656 914 700

1588 1168 1654 1203 705

1589 1457 1658 1492 710

1587 1746 1654 1783 715

1585 2035 1655 2070 720
