1731 2573
351 159 382 185 P.
414 157 579 185 VERGILI
607 157 786 183 MARoms
813 156 1014 183 Annmnos
1043 157 1119 183 ΜΒ.
1151 156 1176 184 1.
1411 147 1457 183 11

205 257 294 291 bina
311 267 422 290 manu
440 255 515 289 lato
534 253 702 299 crispans
720 253 868 288 hastilia
884 253 989 288 ferro.

206 315 264 349 cui
282 321 400 348 mater
416 312 541 347 media
557 323 640 346 sese
657 311 738 346 tulit
757 312 866 346 obvia
884 312 986 355 silva,

206 371 357 417 virginis
375 383 416 405 os
434 370 678 415 habitumque
694 381 827 414 gerens
844 376 881 405 et
898 370 1049 414 virginis
1068 381 1183 414 arma,
1398 378 1463 413 315

210 431 424 475 Spartanae,
441 428 500 462 vel
518 428 637 474 qualis
655 439 772 473 equos
790 428 968 462 Threissa
984 428 1115 472 fatigat

208 487 422 531 Harpalyce
439 486 700 531 volucremque
717 486 805 530 fuga
821 486 1063 530 praevertitur
1082 486 1261 521 Hebrum.

205 555 367 590 namque
385 543 522 578 umeris
540 543 587 578 de
607 555 709 578 more
725 543 889 577 habilem
907 543 1150 589 suspenderat
1169 555 1294 578 arcum

205 602 382 646 venatrix,
401 602 627 645 dederatque
645 613 793 635 comam
812 601 1019 636 diffundere
1036 602 1168 646 ventis,

205 660 307 695 nuda
323 672 420 705 genu
437 660 611 705 nodoque
629 659 732 694 sinus
750 660 906 694 collecta
925 659 1090 695 fluentes.
1401 669 1469 703 320

205 729 250 753 ac
268 718 368 764 prior
387 718 396 734 ‘
408 718 524 761 heus,'
540 717 670 763 inquit,
693 719 702 735 ‘
715 717 880 761 iuvenes,
898 724 1115 759 monstrate,
1138 729 1303 752 mearum

205 776 349 811 vidistis
368 776 398 810 si
417 788 529 822 quam
547 776 608 810 hic
625 782 811 810 errantem
829 776 923 810 forte
941 787 1120 817 sororum,

206 834 433 869 succinctam
451 834 625 878 pharetra
641 840 678 868 et
696 834 909 868 maculosae
926 833 1089 878 tegmine
1108 834 1239 877 lyncis,

205 898 267 927 aut
285 892 490 937 spumantis
508 891 587 937 apri
606 903 753 926 cursum
771 892 934 926 clamore
952 892 1209 937 prementem.'

252 949 305 985 sic
321 951 460 993 Venus,
477 956 514 984 et
531 950 688 984 Veneris
705 956 835 985 contra
852 950 905 984 sic
923 949 1017 984 filius
1037 961 1141 984 orsus
1159 962 1167 984 z
1400 958 1465 993 325

187 1009 196 1025 ⁴
208 1009 309 1042 nulla
325 1015 471 1043 tuarum
487 1008 615 1042 audita
632 1008 723 1042 mihi
740 1019 862 1054 neque
878 1007 960 1042 visa
978 1019 1156 1050 sororum,

206 1077 389 1111 o—quam
407 1072 443 1100 te
460 1077 674 1109 memorem,
695 1059 825 1110 virgo?
848 1077 1011 1111 namque
1028 1066 1128 1100 haud
1146 1066 1212 1100 tibi
1231 1067 1352 1100 vultus

207 1123 386 1167 mortalis,
406 1134 475 1157 nec
493 1135 565 1157 vox
581 1123 773 1157 hominem
791 1130 900 1158 sonat
917 1136 925 1165 3
950 1135 973 1157 o
991 1123 1062 1157 dea
1079 1130 1241 1165 certe,——

205 1192 254 1214 an
274 1179 415 1214 Phoebi
434 1180 565 1214 soror?
588 1192 637 1214 an
658 1181 920 1226 Nympharum
938 1181 1131 1225 sanguinis
1149 1192 1222 1214 una
1231 1182 1290 1215 Ρ-

207 1237 258 1272 sis
276 1238 371 1282 felix,
389 1245 632 1283 nostrumque
649 1238 763 1282 leves,
783 1250 1050 1284 quaecumque,
1070 1239 1248 1282 laborem,
1404 1248 1471 1282 330

207 1302 253 1338 et,
273 1307 346 1341 quo
365 1296 432 1330 sub
451 1297 554 1330 caelo
571 1296 734 1340 tandem,
754 1296 887 1341 quibus
905 1297 1005 1331 orbis
1023 1297 1060 1330 in
1079 1297 1153 1331 oris

207 1353 395 1396 iactemur,
414 1354 552 1388 doceas
571 1366 580 1396 ;
606 1353 724 1399 ignari
742 1354 1012 1400 hominumque
1029 1355 1269 1399 locorumque

207 1423 383 1455 erramuS,
400 1418 511 1446 vento
528 1412 600 1447 huc
617 1413 733 1447 vastis
751 1419 786 1447 et
804 1412 975 1447 fluctibus
994 1412 1066 1447 acti
1086 1425 1093 1447 ε

207 1469 324 1503 multa
340 1468 405 1503 tibi
424 1476 511 1504 ante
528 1481 612 1504 aras
629 1477 755 1504 nostra
773 1471 882 1506 cadet
900 1469 1022 1504 hostia
1039 1469 1188 1505 dextra.'

159 1570 276 1604 Venus
292 1570 375 1604 tells
390 1569 450 1604 tlte
465 1574 567 1616 story
582 1572 628 1615 of
636 1571 737 1605 Dido
754 1570 834 1604 and
845 1570 905 1605 llze
909 1571 1109 1616 founding
1123 1572 1169 1616 of
1176 1571 1381 1615 Karthage.

255 1657 333 1685 tum
351 1652 477 1685 Venus
494 1664 501 1686 ε
532 1653 540 1669 ‘
552 1652 653 1686 haud
671 1651 844 1697 equidem
862 1651 925 1686 tali
944 1663 1004 1686 me
1023 1652 1157 1696 dignor
1173 1652 1314 1686 honore
1331 1665 1340 1693 3
1403 1662 1468 1696 335

208 1708 411 1752 virginibus
429 1709 551 1753 Tyriis
569 1721 650 1743 mos
669 1717 724 1744 est
742 1716 889 1754 gestare
907 1710 1130 1754 pharetram,

209 1778 468 1812 purpureoque
485 1768 559 1802 alte
577 1779 683 1802 suras
700 1768 840 1802 vincire
856 1768 1051 1802 cothurno.

211 1824 352 1858 Punica
368 1836 483 1869 regna
499 1825 615 1870 vides,
635 1825 768 1870 Tyrios
787 1832 823 1861 et
840 1825 1026 1871 Agenoris
1044 1826 1174 1861 urbem
1192 1838 1202 1868 3

212 1881 278 1916 sed
296 1881 387 1916 fines
407 1881 546 1927 Libyci,
564 1895 681 1927 genus
699 1883 933 1918 intractabile
950 1883 1059 1918 bello.

211 1938 405 1984 imperium
423 1939 525 1975 Dido
543 1941 656 1985 Tyria
674 1941 767 1986 regit
785 1942 875 1976 urbe
892 1941 1069 1985 profecta,
1404 1951 1472 1986 340

210 2008 428 2042 germanum
444 1998 599 2043 fugiens.
651 1999 763 2043 longa
779 2005 836 2034 est
854 1998 999 2042 iniuria,
1021 1999 1154 2043 longae

211 2055 388 2100 ambages
405 2068 414 2098 ;
439 2056 506 2091 sed
523 2068 669 2092 summa
687 2069 821 2103 sequar
837 2057 985 2101 fastigia
1002 2068 1135 2091 rerum.

210 2113 296 2147 huic
314 2113 474 2148 coniunx
491 2115 681 2159 Sychaeus
699 2123 790 2160 erat,
808 2115 1013 2150 ditissimus
1032 2114 1111 2159 agri

214 2171 453 2216 Phoenicum,
470 2178 507 2207 et
524 2184 661 2218 magno
678 2173 836 2208 miserae
854 2173 1010 2208 dilectus
1029 2184 1165 2217 amore,

212 2228 270 2263 cui
287 2236 392 2274 pater
408 2228 589 2265 intactum
607 2231 759 2266 dederat
777 2230 980 2277 primisque
998 2230 1143 2275 iugarat
1403 2239 1469 2275 345

212 2286 407 2321 ominibus.
458 2288 524 2322 sed
542 2300 656 2333 regna
674 2289 761 2333 Tyri
779 2301 978 2334 germanus
995 2288 1157 2324 habebat

214 2346 442 2390 Pygmalion,
461 2347 599 2382 scelere
617 2353 704 2383 ante
721 2347 813 2382 alios
831 2348 1015 2382 inmanior
1032 2359 1174 2382 omnes.

212 2414 304 2447 quos
323 2403 416 2438 inter
433 2404 577 2439 medius
595 2406 695 2441 venit
713 2407 822 2441 furor.
875 2407 935 2441 ille
955 2406 1165 2450 Sychaeum
