1731 2573
460 160 492 186 P.
523 159 689 185 VERGILI
718 158 897 185 MARONIS
926 158 1126 184 AENEIDOS
1156 159 1233 184 LIB.
1258 158 1284 186 1.

315 255 364 290 illi
383 267 423 290 se
439 255 601 300 praedae
619 255 816 299 accingunt
835 255 1068 300 dapibusque
1086 255 1215 289 futuris
1235 267 1242 290 :
1503 243 1583 290 210⁸

314 321 462 358 tergora
480 313 656 358 diripiunt
674 313 786 347 costis
805 319 840 347 et
857 313 1001 347 viscera
1017 313 1173 356 nudant,

315 383 400 417 pars
419 371 456 405 in
473 372 590 406 frusta
608 377 737 405 secant
754 370 976 416 veribusque
993 371 1190 405 trementia
1207 371 1333 415 figunt,

314 430 421 464 litore
439 434 534 464 aena
549 430 674 464 locant
692 429 754 464 alii
773 429 1018 474 flammasque
1034 429 1259 464 ministrant.

314 495 394 522 tum
411 488 509 522 victu
527 494 703 523 revocant
721 487 830 529 vires,
851 487 994 533 fusique
1012 498 1078 532 per
1093 487 1247 521 herbam

317 546 501 591 inplentur
517 546 652 580 veteris
672 546 810 580 Bacchi
830 545 1050 590 pinguisque
1065 544 1216 579 ferinae.
1506 550 1572 588 215

315 611 514 649 postquam
530 610 703 649 exempta
718 604 836 638 fames
855 603 973 647 epulis
990 613 1218 647 mensaeque
1234 608 1408 644 remotae,

315 662 438 696 amiss·
458 674 474 696 s
490 663 603 706 longo
621 662 743 696 socios
762 672 934 696 sermone
952 661 1142 705 requirunt

315 731 494 765 spemque
512 727 726 765 metumque
743 720 838 754 inter
855 718 969 761 dubii,
989 730 1054 753 seu
1071 718 1195 752 vivere
1213 718 1364 753 credant

318 778 395 813 sive
411 785 575 813 extrema
592 778 669 823 pati
686 790 754 812 nec
773 778 848 812 iam
865 777 1039 812 exaudire
1055 783 1222 811 vocatos.

314 836 513 882 praecipue
530 837 612 881 pius
631 837 779 870 Aeneas
797 847 894 869 nunc
912 834 1008 869 acris
1028 834 1174 878 Oronti,
1505 842 1574 868 220

314 905 412 928 nunc
430 893 563 938 Amyci
581 906 709 928 casum
726 894 842 937 gemit
860 900 895 927 et
914 892 1076 927 crudelia
1094 904 1221 926 secum

314 953 390 988 fata
409 952 496 998 Lyci
515 953 721 998 fortemque
741 952 848 995 Gyan
865 951 1071 996 fortemque
1092 951 1328 985 Cloanthum.

525 1054 670 1088 VENUS
696 1060 969 1087 SUPPLICATES
994 1053 1011 1097 J
1019 1060 1210 1086 UPPITER.

362 1141 398 1169 et
415 1135 490 1168 iam
507 1133 591 1168 finis
608 1134 697 1177 erat,
717 1145 800 1167 cum
822 1133 986 1178 Iuppiter
1003 1133 1152 1166 aethere
1171 1143 1316 1165 summo

316 1192 526 1237 despiciens
544 1203 646 1226 mare
664 1191 862 1225 velivolum
880 1198 1071 1235 terrasque
1090 1189 1255 1223 iacentes

316 1251 497 1296 litoraque
515 1256 551 1285 et
568 1250 664 1284 latos
682 1250 851 1294 populos,
869 1249 922 1283 sic
938 1249 1076 1282 vertice
1094 1247 1185 1281 caeli
1509 1254 1575 1290 225

317 1309 481 1344 constitit
499 1316 535 1343 et
555 1308 694 1352 Libyae
713 1307 838 1341 defixit
856 1307 997 1341 lumina
1013 1306 1137 1350 regnis
1156 1318 1164 1347 ;

318 1374 429 1413 atque
448 1367 550 1401 illum
567 1367 660 1401 tales
679 1365 883 1400 iactantem
900 1371 1050 1410 pectore
1068 1375 1174 1398 curas

317 1426 456 1460 tristior
472 1432 508 1459 et
526 1424 687 1459 lacrimis
706 1424 833 1458 oculos
852 1423 993 1457 suffusa
1010 1422 1171 1457 nitentes

318 1483 528 1529 adloquitur
544 1484 672 1518 Venus
689 1495 696 1518 :
724 1482 733 1499 ‘
745 1494 766 1516 0
784 1481 846 1527 qui
864 1493 922 1516 res
940 1481 1206 1526 hominumque
1224 1480 1407 1525 deumque

318 1542 477 1577 aeternis
495 1542 593 1586 regis
610 1540 775 1586 imperiis
793 1547 829 1575 et
847 1539 1001 1574 fulmine
1017 1546 1146 1582 terres,
1510 1546 1578 1580 230

318 1600 529 1650 quid-meus
548 1602 695 1634 Aeneas
713 1599 751 1633 in
769 1606 805 1633 te
823 1598 1055 1633 committere
1071 1603 1227 1640 tantum,

319 1659 409 1704 quid
427 1660 542 1693 Troes
561 1665 725 1703 potuere,
746 1657 879 1702 quibus
899 1663 952 1690 tot
969 1656 1099 1689 funera
1115 1654 1236 1700 passis

318 1725 473 1752 cunctus
491 1717 538 1750 ob
560 1716 706 1750 Italiam
723 1722 904 1749 terrarum
922 1713 1105 1748 clauditur
1121 1712 1248 1746 orbis?

319 1782 417 1810 certe
434 1775 521 1808 hinc
540 1775 730 1808 Romanos
748 1772 836 1806 olim
853 1771 1086 1806 volventibus
1103 1770 1222 1812 annis,

318 1833 407 1868 hinc
425 1833 501 1867 fore
520 1833 701 1875 ductores,
721 1837 894 1865 revocato
912 1841 935 1864 a
952 1829 1134 1874 sanguine
1151 1827 1297 1870 Teucri,
1511 1835 1576 1870 235

322 1891 384 1937 qui
403 1902 514 1934 mare,
533 1890 595 1935 qui
612 1897 730 1924 terras
748 1888 849 1923 omni
867 1888 1008 1923 ditione
1024 1893 1204 1929 tenerent,

321 1950 503 1994 pollicitus
522 1960 528 1983 :
557 1959 652 1992 quae
669 1955 716 1990 te,
735 1946 894 1992 genitor,
911 1945 1097 1980 sententia
1113 1944 1223 1978 vertit
1239 1945 1252 1978 ?

320 2008 391 2041 hoc
409 2007 582 2051 equidem
600 2017 775 2040 occasum
793 2005 928 2039 Troiae
945 2003 1142 2048 tristesque
1160 2002 1285 2036 ruinas

322 2065 469 2100 solabar
485 2064 571 2098 fatis
589 2063 774 2098 contraria
790 2063 867 2097 fata
884 2061 1092 2107 rependens
1112 2072 1120 2103 ;

321 2134 419 2158 nunc
437 2123 569 2157 eadem
586 2123 734 2156 fortuna
750 2121 848 2155 viros
865 2127 919 2154 tot
938 2119 1084 2153 casibus
1103 2125 1206 2152 actos
1512 2124 1580 2157 240

322 2181 536 2227 insequitur.
590 2192 700 2226 quem
719 2179 786 2213 das
805 2179 928 2221 finem,
946 2188 1011 2212 rex
1026 2187 1173 2220 magne,
1190 2176 1359 2209 laborum
1375 2175 1389 2208 ?

322 2240 489 2274 Antenor
507 2238 623 2284 potuit
642 2237 775 2272 mediis
793 2237 942 2281 elapsus
959 2234 1114 2269 Achivis

325 2296 491 2341 Illyricos
508 2303 701 2341 penetrare
720 2295 823 2329 sinus
841 2301 952 2339 atque
970 2293 1102 2327 intima
1119 2298 1218 2326 tutus

322 2365 438 2398 regna
457 2353 704 2388 Liburnorum
722 2359 757 2387 et
774 2352 916 2385 fontem
934 2361 1109 2395 superare
1128 2346 1287 2390 Timavi,

324 2401 422 2447 unde
440 2422 505 2457 per
522 2422 588 2446 ora
604 2421 739 2445 novem
757 2416 863 2444 vasto
881 2420 965 2443 cum
982 2418 1170 2442 murmure
1187 2404 1324 2440 montis
1513 2411 1578 2447 245
