1731 2573
164 2447 185 2476 2

364 126 396 170 Pi
428 144 592 170 VERGILI
622 143 798 169 MARONIS
828 144 1028 170 AENEIDOS
1058 145 1135 171 LIB.
1169 145 1193 170 1.

265 247 462 286 postquam
479 240 694 284 introgressi
713 246 748 274 et
768 252 893 274 coram
911 241 1000 274 data
1018 241 1125 285 copia
1141 240 1255 284 fandi,

218 298 399 333 maximus
420 298 580 332 Ilioneus
598 298 746 343 placido
764 298 816 332 sic
834 306 984 342 pectore
1003 300 1124 343 coepit
1142 311 1148 333 :

198 357 207 374 ‘
220 369 242 391 o
258 357 396 401 regina,
417 367 552 390 novam
570 355 627 390 cui
647 357 807 390 condere
829 349 993 401 Iuppiter
1011 358 1142 391 urbe-m

219 414 429 459 iustitiaque
447 413 549 448 dedit
566 420 696 457 gentes
713 414 858 448 frenare
876 415 1065 460 superbas,

219 474 334 507 Troes
351 479 387 507 te
405 471 541 515 miseri,
558 471 678 506 ventis
696 472 814 506 maria
831 473 957 506 omnia
973 473 1080 515 vecti,

217 542 365 565 oramus
385 543 391 564 :
418 530 573 575 prohibe
591 530 763 564 infandos
782 542 804 564 a
821 530 979 564 navibus
998 530 1115 574 ignes,

216 600 326 634 parce
344 588 404 633 pio
422 588 559 632 generi,
579 594 614 622 et
632 588 783 633 propius
801 600 860 622 res
879 589 1004 633 aspice
1022 595 1181 623 nostras.

216 657 291 680 non
308 658 376 680 nos
394 653 455 680 aut
475 646 570 680 ferro
591 646 749 690 Libycos
767 646 945 691 populare
964 654 1119 691 penates

216 705 395 745 venimus,
416 710 479 738 aut
497 710 622 749 raptas
640 704 689 738 ad
706 703 815 738 litora
832 711 974 738 vertere
992 705 1150 749 praedas
1171 717 1179 745 ;

216 774 290 796 non
308 774 353 796 ea
369 761 424 796 vis
442 762 567 796 animo
585 773 653 796 nec
671 768 779 796 tanta
796 762 970 807 superbia
986 762 1106 796 victis.

217 827 272 854 est
290 820 667 865 locus—Hesperiam
686 820 775 854 Grai
794 821 1017 865 cognomine
1035 821 1210 855 dicunt—

217 885 313 913 terra
331 878 492 923 antiqua,
512 884 643 922 potens
662 878 774 912 armis
793 885 904 923 atque
922 879 1034 912 ubere
1051 879 1206 923 glaebae
1226 892 1234 920 ;

220 936 373 970 Oenotri
393 937 538 970 coluere
555 936 622 969 viri
643 948 651 977 ;
676 947 775 970 nunc
792 937 892 970 fama
910 936 1072 971 minores

221 994 368 1028 Italiam
387 993 524 1028 dixisse
541 993 646 1028 ducis
665 994 711 1028 de
729 994 880 1028 nomine
899 1002 1049 1038 gentem
1069 1008 1077 1037 ;

217 1052 277 1085 hic
295 1063 421 1085 cursus
440 1052 517 1095 fuit,

217 1120 301 1143 cum
320 1109 440 1143 subito
458 1110 663 1153 adsurgens
682 1110 793 1144 fluctu
812 1111 1003 1145 nimbosus
1023 1111 1140 1145 Orion

217 1167 253 1200 in
270 1167 367 1201 vada
385 1179 497 1201 caeca
513 1167 605 1210 tulit,
625 1168 845 1213 penitusque
864 1170 1081 1213 procacibus
1100 1169 1244 1204 Austris

215 1236 353 1269 perque
371 1225 490 1259 undas
508 1233 705 1270 superante
724 1227 802 1260 salo
820 1238 958 1272 perque
977 1227 1076 1261 invia
1094 1239 1183 1262 saxa

216 1283 367 1328 dispulit
384 1296 390 1318 :
417 1284 489 1318 huc
507 1283 615 1328 pauci
633 1284 765 1319 vestris
784 1285 1006 1319 adnavimus
1025 1286 1107 1320 oris.

1430 135 1474 171 l?

1415 250 1482 285 520

1415 539 1479 575 525

1414 830 1481 866 530

1415 1120 1478 1156 535

216 1341 315 1385 quod
331 1352 448 1384 genus
466 1341 537 1375 hoc
549 1341 765 1377 hominum?
804 1354 947 1388 quaeve
961 1343 1059 1377 hunc
1074 1350 1149 1377 tam
1164 1337 1323 1378 barbara
1336 1356 1478 1378 morem

216 1397 392 1443 permittit
411 1398 556 1443 patria?
604 1400 768 1444 hospitio
785 1401 1025 1445 prohibemur
1042 1402 1204 1436 harenae
1224 1416 1231 1444 ;

215 1457 312 1490 bella
329 1457 436 1500 cient,
456 1457 648 1502 primaque
667 1465 793 1493 vetant
812 1459 1014 1493 consistere
1033 1466 1138 1493 terra.

216 1514 245 1548 si
263 1526 380 1559 genus
398 1515 603 1549 humanum
621 1522 656 1550 et
675 1517 848 1550 mortalia
865 1517 1030 1551 temnitis
1050 1529 1162 1560 arma,

215 1579 252 1606 at
271 1579 415 1617 sperate
433 1573 522 1607 deos
541 1585 725 1608 memores
743 1574 845 1608 fandi
863 1581 973 1619 atque
991 1575 1151 1609 nefandi.

454 1674 489 1707 T
484 1673 551 1718 lzey
567 1674 635 1707 tell
649 1675 695 1719 of
702 1674 801 1708 llzez'r
815 1675 940 1708 leader
954 1676 1108 1709 Aeneas.

215 1765 278 1787 rex
296 1759 372 1787 erat
390 1754 538 1788 Aeneas
557 1753 676 1797 nobis,
696 1765 768 1799 quo
788 1754 917 1788 iustior
934 1756 1026 1789 alter

215 1822 283 1845 nec
300 1811 437 1856 pietate
454 1811 533 1853 fuit,
555 1823 624 1846 nec
641 1812 738 1846 bello
756 1813 876 1847 maior
892 1820 927 1847 et
946 1813 1061 1847 armis
1078 1826 1085 1847 ;

216 1879 326 1913 quem
344 1869 373 1902 si
392 1870 467 1903 fata
483 1869 603 1903 virum
622 1877 781 1913 servant,
800 1870 829 1905 si
847 1871 1008 1906 vescitur
1025 1883 1115 1906 aura

215 1926 378 1960 aetheria
393 1939 514 1972 neque
532 1928 654 1962 adhuc
672 1929 881 1963 crudelibus
900 1930 1057 1963 occubat
1076 1929 1227 1972 umbris,

217 1995 291 2017 non
308 1991 428 2018 metus
447 1997 453 2019 :
481 1986 601 2020 officio
618 1997 687 2020 nec
705 1993 742 2021 te
761 1994 924 2021 certasse
942 1988 1102 2032 priorem

216 2041 402 2086 paeniteat
420 2054 427 2076 ι
455 2049 539 2078 sunt
556 2050 593 2078 et
613 2044 744 2079 Siculis
762 2046 975 2089 regionibus
993 2046 1101 2079 urbes

216 2111 405 2144 armaque,
426 2101 662 2148 Troianoque
679 2115 701 2136 a
720 2103 900 2147 sanguine
918 2104 1038 2138 clarus
1057 2105 1223 2138 Acestes.

216 2164 431 2202 quassatam
447 2159 566 2194 ventis
584 2160 692 2195 liceat
712 2162 917 2196 subducere
936 2162 1094 2196 classem

216 2222 252 2250 et
270 2216 371 2250 silvis
389 2223 517 2261 aptare
536 2219 659 2252 trabes
678 2226 713 2254 et
733 2219 913 2264 stringere
931 2232 1066 2261 remos,

217 2273 247 2308 si
266 2274 375 2308 datur
394 2275 540 2309 Italiam
559 2276 668 2311 sociis
687 2284 723 2311 et
740 2289 827 2322 rege
844 2286 994 2323 recepto

216 2333 379 2375 tendere,
398 2340 436 2367 ut
458 2333 604 2367 Italiam
622 2335 707 2369 laeti
729 2336 948 2381 Latiumque
966 2343 1137 2381 petamus
1155 2350 1161 2376 ;

217 2390 273 2424 sin
291 2390 489 2436 absumpta
508 2392 618 2434 salus,
640 2399 675 2427 et
693 2399 742 2436 te,
763 2401 867 2439 pater
885 2395 1023 2439 optime
1042 2396 1237 2436 Teucrum,

1413 1412 1480 1446 540

1412 1822 1477 1857 545

1414 2112 1479 2147 550

1416 2401 1476 2437 555
