1731 2573
227 149 277 185 20

508 159 541 184 P.
572 158 737 184 VERGILI
766 158 945 184 MARONIS
973 158 1174 185 AENEIDOS
1203 159 1279 186 LIB.
1312 160 1337 186 Ι.

366 256 550 289 Troianae
567 265 777 299 nomenque
795 262 898 289 tuum
915 265 1096 299 regesque
1117 255 1269 300 Pelasgi.

365 314 443 358 ipse
460 313 577 347 hostis
597 314 760 347 Teucros
778 312 914 356 insigni
931 313 1041 347 laude
1057 314 1211 358 ferebat,

366 383 478 416 seque
497 378 618 405 ortum
635 371 788 416 antiqua
805 372 1034 405 Teucrorum
1050 383 1073 406 a
1091 372 1204 417 stirpe
1221 372 1380 407 volebat.

365 441 477 474 quare
495 429 594 473 agite
611 440 633 462 o
649 429 767 472 tectis,
787 429 948 472 iuvenes,
968 430 1155 464 succedite
1171 430 1318 464 nostris.

364 499 423 521 me
442 499 588 532 quoque
605 499 671 532 per
688 487 823 521 multos
848 487 978 521 similis
996 488 1143 522 fortuna
1159 489 1304 522 labores

364 545 539 580 iactatam
556 546 626 579 hac
645 545 795 579 demum
812 545 926 579 voluit
945 545 1148 580 consistere
1164 552 1263 580 terra
1281 558 1288 581 :

363 615 437 637 non
456 603 586 647 ignara
603 603 690 637 mali
708 603 853 637 miseris
872 614 1083 637 succurrere
1101 603 1226 638 disco.'

674 716 1021 761 Preparationssor
1035 728 1058 749 a
1065 717 1179 760 feast.

365 800 416 833 sic
435 805 614 833 memorat
633 812 641 841 ;
669 798 777 832 simul
796 799 950 833 Aenean
969 798 1006 832 in
1024 799 1125 843 regia
1143 799 1244 834 ducit

364 865 472 900 tecta,
492 858 600 891 simul
618 857 743 891 divom
761 857 908 901 templis
926 857 1056 892 indicit
1073 858 1263 892 honorem.

364 927 433 950 nec
451 915 572 949 minus
591 915 733 949 interea
750 915 859 949 sociis
877 914 925 948 ad
942 915 1052 949 litora
1068 915 1182 950 mittit

364 973 492 1018 viginti
511 980 646 1016 tauros,
661 984 883 1017 magnorum
899 973 1088 1008 horrentia
1105 980 1254 1008 centum

364 1039 469 1076 terga
487 1043 604 1073 suum,
627 1030 782 1075 pingues
800 1038 949 1065 centurn
967 1042 1052 1065 curn
1069 1031 1249 1065 matribus
1270 1043 1398 1076 agnos,

364 1101 519 1124 munera
535 1088 788 1134 laetitiamque
807 1088 877 1123 dei.

365 1155 402 1182 at
420 1149 552 1182 domus
571 1147 722 1182 interior
738 1147 855 1192 regali
873 1147 1070 1192 splendida
1088 1148 1173 1181 luxu

365 1206 565 1247 instruitur,
582 1205 790 1251 mediisque
809 1213 941 1251 parant
959 1205 1128 1239 convivia
1145 1206 1252 1240 tectis
1270 1218 1276 1239 :

365 1271 443 1298 arte
460 1265 651 1298 laboratae
668 1271 792 1298 vestes
811 1271 986 1308 ostroque
1004 1264 1176 1308 superbo,

366 1322 497 1366 ingens
516 1329 711 1366 argentum
729 1322 879 1365 mensis,
899 1323 1116 1367 caelataque
1134 1322 1171 1356 in
1190 1333 1280 1356 auro

364 1381 472 1415 fortia
489 1380 589 1414 facta
606 1388 764 1424 patrum,
787 1380 901 1414 series
919 1379 1137 1423 longissima
1155 1392 1276 1414 rerum

367 1450 431 1483 per
448 1445 501 1473 tot
520 1439 632 1472 ducta
649 1438 746 1472 viros
764 1438 918 1483 antiqua
936 1439 983 1472 ab
1002 1438 1144 1482 origine
1161 1439 1295 1481 gentis.

504 1561 651 1595 Aeneas
666 1561 773 1594 sends
780 1562 852 1606 sor
866 1561 1056 1595 Ascanius
1073 1561 1227 1607 andsor
1234 1562 1341 1607 gisl-5.

413 1648 732 1691 Aeneas—neque
750 1645 850 1680 enim
869 1645 1006 1690 patrius
1025 1645 1227 1680 consistere
1245 1651 1408 1679 mentem

366 1717 499 1750 passus
516 1704 842 1748 amor—rapidum
859 1704 908 1738 ad
925 1715 1039 1737 naves
1057 1703 1259 1748 praemittit
1276 1703 1458 1745 Achaten,

367 1763 530 1797 Ascanio
547 1763 640 1797 ferat
656 1763 763 1805 haec,
780 1761 976 1806 ipsumque
994 1761 1043 1795 ad
1060 1760 1210 1795 moenia
1226 1761 1338 1795 ducat
1354 1773 1363 1802 3

368 1821 488 1855 omnis
507 1820 544 1854 in
561 1820 726 1855 Ascanio
744 1820 817 1854 cari
837 1826 909 1854 stat
927 1831 1015 1854 cura
1032 1818 1206 1864 parentis.

367 1890 520 1913 munera
538 1885 730 1923 praeterea
749 1877 872 1912 Iliacis
890 1885 1018 1921 erepta
1035 1876 1150 1910 ruinis

366 1937 462 1971 ferre
480 1936 591 1979 iubet,
610 1936 745 1980 pallam
766 1935 882 1980 signis
899 1945 1062 1980 auroque
1080 1934 1260 1979 rigentem

368 2002 404 2029 et
421 1995 700 2028 circumtextum
717 2005 849 2028 croceo
866 1993 1035 2027 velamen
1054 1993 1224 2036 acantho,

368 2060 518 2087 ornatus
537 2052 697 2096 Argivae
717 2052 900 2094 Helenae,
919 2062 1012 2096 quos
1029 2050 1094 2085 illa
1113 2051 1295 2094 Mycenis,

369 2112 551 2155 Pergama
568 2122 653 2145 cum
670 2116 811 2155 peteret
830 2109 1142 2154 inconcessosque
1160 2109 1401 2153 hymenaeos,

367 2170 558 2211 extulerat,
579 2168 706 2203 matris
726 2168 851 2202 Ledae
867 2168 1036 2202 mirabile
1054 2168 1193 2202 donum
1209 2179 1217 2208 ;

367 2235 559 2273 praeterea
577 2234 776 2272 sceptrum,
800 2227 917 2261 Ilione
934 2226 1035 2272 quod
1051 2232 1218 2270 gesserat
1236 2225 1336 2267 olim,

366 2286 529 2320 maxima
545 2293 718 2319 natarum
737 2284 887 2328 Priami,
908 2285 1079 2329 colloque
1096 2283 1237 2318 monile

365 2344 540 2378 bacatum
558 2350 594 2377 et
613 2343 798 2388 duplicem
815 2342 974 2387 gemmis
993 2353 1156 2387 auroque
1174 2352 1363 2375 coronam.

365 2402 458 2436 haec
476 2402 642 2436 celerans
661 2401 729 2435 iter
746 2401 794 2435 ad
817 2412 932 2435 naves
951 2400 1128 2435 tendebat
1147 2399 1321 2434 Achates.

1557 315 1623 360 625

1557 603 1628 648 630

1559 1321 1628 1363 640

1558 2049 1627 2093 650
