1731 2573
219 163 277 199 12·

498 173 529 199 Ρ.
561 173 727 199 VERGILI
756 173 935 199 MARONIS
963 173 1165 200 AENEIDOS
1195 174 1272 200 LIB.
1303 174 1330 202 1,

357 269 478 314 inpius
496 276 583 304 ante
600 281 683 303 aras
702 276 812 314 atque
831 269 908 303 auri
928 281 1061 304 caecus
1080 282 1205 304 amore

356 327 452 361 clam
468 327 564 361 ferro
583 327 771 362 incautum
789 334 949 372 superat,
968 339 1117 363 securus
1135 340 1304 363 amorum

356 397 556 429 germanae
574 398 582 427 ;
607 386 820 431 factumque
838 385 901 419 diu
919 386 1064 429 celavit,
1084 393 1120 421 et
1137 398 1287 431 aegram

356 444 471 478 multa
488 444 607 477 malus
625 443 804 477 simulans
820 454 917 477 vana
935 455 1002 487 spe
1017 444 1103 477 lusit
1121 451 1320 479 amantem.

357 501 438 545 ipsa
456 502 522 535 sed
540 501 576 534 in
595 500 736 535 somnis
753 500 935 535 inhumati
953 501 1053 536 venit
1071 501 1196 546 imago

357 559 534 602 coniugis,
552 570 617 593 ora
632 559 755 593 modis
773 559 946 594 attollens
964 558 1103 603 pallida
1119 559 1223 593 miris
1241 573 1250 601 3

357 617 521 651 crudeles
539 628 623 651 aras
639 616 867 662 traiectaque
885 623 1037 661 pectora
1053 617 1149 651 ferro

355 675 520 718 nudavit,
541 686 768 720 caecumque
785 675 918 709 domus
936 675 1056 709 scelus
1075 687 1184 709 omne
1202 675 1342 719 retexit,

356 740 434 766 tum
452 733 612 767 celerare
629 733 755 778 fugam
772 733 965 778 patriaque
983 733 1161 767 excedere
1180 734 1322 777 suadet,

357 790 604 836 auxiliumque
621 791 704 826 viae
720 798 862 825 veteres
881 791 1010 825 tellure
1027 791 1182 826 recludit

356 849 562 892 thesauros,
583 848 751 893 ignotum
769 848 911 892 argenti
930 849 1075 893 pondus
1094 856 1129 883 et
1147 848 1234 883 auri.

356 907 414 941 his
432 914 620 941 commota
636 907 761 951 sugam
781 907 882 941 Dido
900 907 1097 952 sociosque
1116 908 1279 952 parabat.

358 964 592 1008 conveniunt,
613 964 746 1010 quibus
764 971 826 1000 aut
844 965 970 998 odium
989 965 1136 999 crudele
1153 964 1300 1009 tyranni

358 1029 419 1057 aut
436 1030 557 1057 metus
575 1034 660 1057 acer
676 1030 754 1057 erat
773 1035 782 1065 ;
806 1034 935 1065 naveS,
956 1033 1050 1068 quae
1068 1023 1161 1056 forte
1178 1030 1341 1067 paratae,

358 1080 558 1125 corripiunt
576 1088 805 1126 onerantque
823 1092 925 1115 auro.
967 1071 1171 1126 ’portantur
1187 1080 1288 1114 avari

360 1139 612 1184 Pygmalionis
630 1150 719 1184 opes
738 1140 870 1183 pelago
886 1151 895 1180 ;
921 1139 995 1172 dux
1012 1139 1150 1173 femina
1168 1139 1267 1173 facti.

357 1197 539 1231 devenere
556 1198 668 1241 locos,
687 1197 749 1231 ubi
768 1209 865 1231 nunc
882 1197 1050 1241 ingentia
1068 1197 1187 1231 cernis

358 1255 506 1289 moenia
524 1261 810 1300 surgentemque
827 1266 946 1289 novae
967 1254 1208 1299 Karthaginis
1226 1265 1362 1296 arcem,

358 1314 584 1358 mercatique
601 1314 731 1357 solum,
750 1313 837 1347 facti
856 1313 902 1347 de
920 1313 1069 1347 nomine
1089 1314 1255 1358 Byrsam,

358 1371 502 1406 taurino
520 1378 699 1417 quantum
717 1378 870 1416 possent
888 1371 1118 1405 circumdare
1135 1378 1248 1415 tergo.

359 1430 425 1463 sed
442 1441 508 1463 vos
526 1428 586 1474 qui
604 1430 768 1471 tandem,
786 1429 919 1474 quibus
938 1435 1000 1463 aut
1017 1428 1170 1462 venistis
1188 1429 1234 1462 ab
1253 1428 1338 1471 oris,

359 1499 478 1533 quove
495 1487 627 1522 tenetis
646 1487 713 1521 iter
725 1487 758 1521 ?'
808 1486 999 1531 quaerenti
1016 1486 1151 1520 talibus
1169 1485 1229 1520 ille

360 1546 547 1590 suspirans
566 1545 714 1591 imoque
731 1545 881 1580 trahens
900 1556 921 1578 a
939 1551 1087 1590 pectore
1104 1556 1234 1579 vocem
1252 1557 1259 1579 ι

695 1650 841 1685 Aeneas
857 1649 941 1683 tells
957 1649 1017 1684 lais
1033 1653 1141 1693 story.

408 1731 450 1765 ‘o
469 1731 550 1771 dea,
574 1731 603 1764 si
622 1730 741 1775 prima
758 1737 929 1774 repetens
947 1731 995 1763 ab
1013 1729 1155 1774 origine
1173 1740 1336 1774 pergam,

359 1795 394 1823 et
412 1796 517 1823 vacet
536 1789 688 1822 annales
707 1795 915 1822 nostrorum
935 1787 1062 1821 audire
1079 1787 1259 1829 laborum,

360 1854 446 1880 ante
464 1846 563 1880 diem
581 1846 707 1880 clauso
726 1852 926 1890 componat
943 1846 1087 1890 Vesper
1105 1845 1275 1889 Olympo.

359 1916 427 1938 nos
447 1903 558 1937 Troia
574 1904 738 1948 antiqua,
757 1903 786 1937 si
804 1910 946 1937 vestras
963 1903 1057 1937 forte
1075 1914 1139 1947 per
1156 1913 1263 1936 aures

361 1963 494 1996 Troiae
512 1974 648 1996 nomen
667 1961 720 2005 iit,
740 1961 888 1995 diversa
905 1972 971 2005 per
987 1972 1149 2006 aequora
1167 1966 1291 1994 vectos

359 2021 451 2055 forte
470 2032 536 2055 sua
555 2019 702 2064 Libycis
719 2026 925 2064 tempestas
944 2019 1085 2064 adpulit
1104 2019 1187 2053 oris.

361 2090 442 2112 sum
459 2079 542 2123 pius
560 2079 717 2122 Aeneas,
737 2085 863 2123 raptos
881 2077 943 2122 qui
962 2088 1006 2111 ex
1023 2077 1130 2110 hoste
1150 2077 1308 2110 Penates

361 2137 478 2170 classe
496 2137 591 2170 veho
608 2147 766 2179 mecum,
784 2136 885 2170 fama
903 2147 1012 2180 super
1029 2135 1182 2169 aethera
1197 2140 1317 2168 notus.

364 2194 509 2228 Italiam
528 2205 666 2239 quaero
683 2193 841 2239 patriam
860 2200 896 2228 et
913 2205 1030 2237 genus
1049 2193 1096 2226 ab
1118 2193 1204 2226 Iove
1223 2203 1377 2226 summo.

360 2252 416 2285 bis
435 2252 540 2285 denis
561 2251 763 2295 Phrygium
780 2249 981 2285 conscendi
999 2250 1156 2284 navibus
1174 2261 1324 2294 aequor,

361 2317 477 2344 matre
495 2310 566 2344 dea
582 2316 812 2343 monstrante
830 2309 939 2351 viam,
959 2309 1048 2342 data
1063 2308 1142 2342 fata
1159 2313 1306 2341 secutus
1324 2318 1333 2348 ;

361 2367 419 2401 vix
437 2374 580 2413 septem
598 2368 796 2402 convulsae
813 2366 922 2400 undis
942 2367 1116 2410 Euroque
1133 2370 1339 2409 supersunt·

362 2425 440 2471 ipse
459 2426 618 2470 ignotus,
635 2437 760 2471 egens,
780 2425 918 2470 Libyae
937 2425 1084 2459 deserta
1101 2434 1268 2469 peragro,

1543 339 1612 376 350

1550 627 1616 663 355

1553 908 1620 952 360

1550 1197 1615 1241 365

1553 1495 1621 1531 370

1549 1910 1615 1946 375

1554 2191 1622 2234 380
