1731 2573
194 160 241 197 10

476 171 509 197 Ρ.
540 171 705 197 VERGILI
734 171 913 198 MARONIS
941 172 1142 199 AENEIDOS
1172 172 1247 200 LIB.
1279 173 1305 199 1.

331 268 535 310 Romanos,
554 279 674 301 rerum
693 268 877 311 dominos,
897 275 1123 314 gentemque
1140 276 1314 314 togatam.

331 325 383 359 sic
401 326 585 370 placitum.
637 326 759 360 veniet
776 326 900 360 lustris
914 327 1123 361 labentibus
1140 334 1254 371 aetas,

330 394 413 416 cum
432 383 564 417 domus
582 383 757 418 Assaraci
778 384 952 418 Phthiam
971 385 1163 430 clarasque
1183 387 1363 430 Mycenas

331 434 479 475 servitio
497 447 639 485 premet
657 453 701 475 ac
718 441 825 476 victis
843 441 1093 477 dominabitur
1109 443 1229 488 Argis.
1523 445 1588 489 285

468 553 549 587 and
553 552 723 598 foratells
739 552 798 587 llze
807 554 945 598 golden
962 565 1030 600 age
1046 555 1094 599 of
1099 555 1135 588 A
1141 559 1306 600 agustus.

329 643 502 671 nascetur
519 637 673 682 pulchra
691 636 873 671 Troianus
891 637 1031 682 origine
1052 639 1200 679 Caesar,

329 695 524 739 imperium
543 696 706 737 Oceano,
728 696 868 729 famam
885 696 947 741 qui
966 696 1137 730 terminet
1156 696 1279 740 astris,

332 753 456 797 Iulius,
474 765 497 787 a
514 764 651 797 magno
668 753 872 787 demissum
889 766 1026 788 nomen
1048 755 1136 788 Iulo.

328 812 426 845 hunc
445 818 483 846 tu
501 812 589 845 olim
607 812 724 855 caelo,
744 812 871 855 spoliis
891 812 1055 847 Orientis
1075 820 1262 857 onustum,

329 869 489 913 accipies
508 881 637 904 secura
655 882 664 911 ;
689 870 881 904 vocabitur
897 870 958 905 hic
976 882 1122 915 quoque
1139 871 1244 905 votis
1523 881 1591 915 290

329 939 460 972 aspera
477 934 555 962 tum
572 927 702 972 positis
720 927 915 962 mitescent
934 929 1081 962 saecula
1098 929 1203 963 bellis
1223 941 1231 970 3

330 997 423 1019 cana
443 985 555 1019 Fides
573 992 608 1020 et
626 986 756 1029 Vesta,
778 987 898 1020 Remo
916 997 1000 1020 curn
1018 986 1129 1020 fratre
1149 986 1324 1030 Quirinus

329 1044 408 1078 iura
425 1044 566 1077 dabunt
584 1056 591 1084 ;
617 1044 719 1078 dirae
736 1043 833 1077 ferro
851 1050 886 1078 et
905 1044 1149 1090 compagibus
1167 1045 1254 1078 artis

330 1102 548 1136 claudentur
567 1101 660 1136 Belli
679 1109 807 1146 portae
825 1115 833 1143 3
859 1103 978 1136 Furor
995 1102 1116 1146 inpius
1134 1102 1232 1137 intus

331 1171 441 1194 saeva
459 1160 592 1194 sedens
612 1171 721 1204 super
738 1171 842 1194 arma
860 1166 895 1194 et
914 1167 1062 1194 centum
1082 1160 1225 1195 vinctus
1243 1160 1346 1195 aenis
1525 1169 1590 1205 295

330 1225 412 1262 post
430 1224 576 1262 tergum
594 1218 701 1252 nodis
719 1218 850 1252 fremet
868 1218 1037 1253 horridus
1056 1230 1119 1253 ore
1137 1218 1311 1253 cruento.'

548 1331 727 1375 lisercury
743 1330 961 1375 despatched
973 1334 1010 1365 to
1026 1330 1231 1376 lsartlmge.

377 1415 469 1448 haec
488 1414 552 1457 ait,
572 1421 608 1448 et
630 1414 733 1448 Maia
750 1414 917 1458 genitum
936 1413 1097 1448 demittit
1115 1414 1162 1447 ab
1180 1414 1265 1456 alto,

331 1479 370 1507 ut
388 1479 506 1506 terrae
524 1479 637 1517 utque
653 1484 773 1506 novae
792 1478 942 1516 pateant
964 1471 1204 1516 Karthaginis
1222 1483 1326 1506 arces

331 1531 493 1576 hospitio
512 1530 676 1572 Teucris,
697 1542 744 1564 ne
761 1530 827 1564 fati
844 1530 971 1564 nescia
990 1530 1091 1564 Dido

332 1589 465 1622 finibus
483 1595 632 1622 arceret.
683 1589 784 1622 volat
802 1588 862 1621 ille
881 1599 945 1632 per
962 1591 1049 1622 aera
1066 1598 1244 1631 magnum
1520 1596 1588 1630 300

332 1646 487 1690 remigio
504 1647 657 1688 alarum,
679 1658 722 1680 ac
743 1646 880 1689 Libyae
899 1645 992 1680 citus
1011 1645 1126 1680 astitit
1144 1645 1226 1679 oris.

333 1712 368 1739 et
387 1704 461 1738 iam
479 1703 579 1738 iussa
595 1704 693 1746 facit,
715 1710 930 1749 ponuntque
947 1703 1086 1737 ferocia
1106 1703 1219 1737 Poeni

334 1763 446 1797 corda
463 1763 609 1796 volente
628 1762 699 1795 deo
717 1774 725 1803 3
753 1761 789 1795 in
808 1761 937 1806 primis
955 1761 1084 1805 regina
1101 1761 1266 1805 quietum

333 1820 466 1865 accipit
485 1820 521 1854 in
541 1821 705 1854 Teucros
723 1819 889 1853 animum
908 1826 1145 1863 mentemque
1162 1818 1372 1863 benignam.

312 1925 460 1959 Aeneas
477 1928 585 1958 meets
602 1924 660 1958 lais
679 1923 822 1958 mother
845 1923 963 1957 Venus
980 1923 1173 1968 disgzcz'sed
1186 1935 1228 1957 as
1244 1935 1267 1956 a
1285 1922 1467 1957 hzcntress.

381 2015 417 2043 at
435 2008 516 2052 pius
535 2009 694 2050 Aeneas,
712 2019 778 2053 per
795 2014 943 2042 noctem
961 2006 1119 2052 plurima
1135 2007 1297 2049 volvens,
1528 2014 1592 2050 305

334 2073 372 2101 ut
390 2067 549 2111 primum
567 2067 627 2100 lux
645 2067 743 2100 alma
761 2066 849 2100 data
867 2072 934 2108 est,
952 2064 1050 2099 exire
1068 2066 1243 2109 locosque

334 2125 525 2169 explorare
541 2135 672 2166 novos,
693 2135 785 2168 quas
802 2130 914 2158 vento
931 2122 1130 2157 accesserit
1148 2134 1242 2165 oras,

334 2183 395 2228 qui
413 2188 576 2226 teneant,
595 2193 684 2216 nam
702 2181 839 2216 inculta
855 2181 970 2224 videt,
988 2181 1207 2215 hominesne
1224 2181 1381 2223 feraene,

333 2252 509 2286 quaerere
527 2239 728 2284 constituit,
747 2239 931 2284 sociisque
950 2245 1080 2273 exacta
1097 2239 1239 2273 referre.

334 2299 491 2332 classem
508 2298 546 2332 in
564 2309 728 2332 convexo
746 2309 940 2331 nemorum
958 2297 1026 2331 sub
1044 2308 1134 2341 rupe
1151 2303 1282 2330 cavata
1525 2304 1594 2338 310

333 2356 526 2391 arboribus
545 2356 710 2389 clausam
728 2355 866 2389 circum
884 2362 994 2400 atque
1011 2354 1245 2389 horrentibus
1262 2353 1401 2388 umbris

332 2414 466 2449 occulit
483 2427 492 2456 3
517 2413 597 2459 ipse
615 2425 689 2448 uno
705 2413 871 2457 graditur
889 2413 1085 2448 comitatus
1103 2412 1259 2455 Achate,
