1731 2573
233 131 280 168 14
515 140 548 167 Ρ.
578 140 744 167 VERGILI
773 139 954 168 MARONIS
982 140 1184 168 AENEIDOS
1213 142 1290 169 LIB.
1312 142 1337 168 1.

292 248 448 293 Aeneas,
464 248 701 294 journeying
713 248 881 292 (musard,
896 248 1058 283 admz‘res
1075 249 1134 284 tlte
1150 249 1273 295 newly
1288 250 1457 296 buz‘ldzbzg
1475 253 1559 297 city.

415 332 624 375 corripuere
641 330 740 365 viam
757 331 908 375 interea,
925 343 1000 377 qua
1017 331 1148 367 semita
1163 339 1346 368 monstrat
1361 345 1368 368 :

367 390 516 435 iamque
534 390 788 424 ascendebant
806 390 949 434 collem,
967 390 1029 435 qui
1047 391 1224 436 plurimus
1242 391 1322 425 urbi

368 448 537 483 imminet
554 448 803 493 adversasque
821 454 987 492 aspectat
1005 449 1164 493 desuper
1181 460 1293 483 arces.
1559 459 1625 493 420

368 506 521 541 miratur
536 507 675 540 molem
691 506 852 549 Aeneas,
869 505 1032 550 magalia
1049 507 1249 551 quondam,
1374 495 1377 496 ⁷

369 564 522 599 miratur
537 572 663 609 portas
681 565 950 609 strepitumque
967 571 1003 599 et
1021 571 1138 600 strata
1155 565 1306 601 viarum.

368 623 507 658 instant
525 623 697 657 ardentes
716 622 829 667 Tyrii,
848 634 934 667 pars
953 623 1088 657 ducere
1105 634 1229 658 muros

368 681 563 726 molirique
580 693 705 716 arcem
723 687 759 716 et
777 680 949 715 manibus
968 681 1184 716 subvolvere
1201 693 1301 726 saxa,

368 751 453 784 pars
471 746 601 784 optare
618 740 741 774 locum
758 745 858 773 tecto
875 744 912 773 et
929 739 1150 773 concludere
1169 739 1272 774 sulco
1290 753 1299 782 3
1559 748 1628 784 425

368 797 447 831 iura
467 797 779 842 magistratusque
797 797 925 841 legunt
943 804 1188 842 sanctumque
1206 804 1376 832 senatum
1390 810 1400 840 ;

367 855 427 889 hic
444 862 572 899 portus
590 855 651 889 alii
670 854 850 889 effodiunt
869 867 878 896 3
902 853 965 889 hic
982 855 1059 889 lata
1075 854 1228 889 theatris

366 913 610 947 fundamenta
626 919 756 958 petunt
775 911 848 955 alii,
866 912 1111 958 inmanesque
1129 913 1321 947 columnas

367 971 518 1015 rupibus
536 971 720 1012 excidunt,
743 970 888 1004 scaenis
905 970 1043 1004 decora
1060 971 1136 1004 alta
1153 970 1293 1005 futuris.

366 1029 491 1073 qualis
507 1032 592 1073 apes
608 1032 744 1063 aestate
760 1040 860 1062 nova
869 1030 944 1073 per
953 1028 1070 1070 florea
1087 1040 1182 1062 rura
1559 1038 1632 1072 430

367 1091 505 1121 exercet
519 1087 586 1121 sub
602 1087 676 1121 sole
692 1087 807 1129 labor,
830 1097 913 1121 cum
923 1088 1049 1131 gentis
1064 1086 1214 1120 adultos

367 1145 528 1179 educunt
528 1146 647 1190 fetus,
666 1148 735 1179 aut
751 1156 831 1179 cum
849 1145 1032 1189 liquentia
1050 1145 1163 1178 mella

368 1205 519 1249 suffiunt,
537 1207 573 1237 et
587 1203 692 1237 declci
705 1202 922 1237 distendunt
937 1206 1081 1236 nectare
1096 1202 1219 1246 cellas,

369 1265 437 1295 aut
453 1273 564 1295 onera
581 1262 769 1306 accipiunt
785 1261 1011 1302 venientum,
1032 1264 1102 1293 aut
1118 1262 1267 1305 agmine
1284 1261 1386 1306 facto

369 1321 552 1362 ignavum
575 1320 680 1362 fucas
699 1321 814 1363 pecus
830 1329 854 1350 a
863 1318 1103 1363 praesepibus
1119 1322 1272 1352 arcent:
1565 1326 1631 1361 435

358 1379 488 1421 servet
503 1379 603 1421 opus,
622 1376 855 1420 redolentque
871 1375 996 1419 thymo
1008 1376 1239 1420 fragrantia
1257 1375 1380 1409 mella.

351 1437 391 1469 ‘o
408 1434 594 1476 fortunati,
613 1445 768 1479 quorum
787 1433 861 1467 iam
876 1432 1025 1467 moenia
1042 1439 1196 1477 surgunt
1217 1432 1238 1467 !'

376 1493 525 1527 Aeneas
544 1492 606 1533 ait,
629 1498 664 1526 et
681 1491 831 1536 fastigia
848 1490 1002 1535 suspicit
1019 1490 1132 1525 urbis.

375 1551 480 1585 infert
500 1562 538 1584 se
557 1557 706 1595 saeptus
724 1548 1077 1584 nebula—mirabile
1095 1548 1244 1583 dictu—

374 1620 439 1654 per
456 1608 599 1642 medios
616 1607 822 1652 miscetque
839 1606 937 1650 viris,
956 1617 1076 1652 neque
1094 1607 1255 1642 cernitur
1273 1607 1346 1642 ulli.
1566 1615 1636 1649 440

376 1720 449 1753 lee
465 1719 596 1764 temple
612 1719 765 1764 tffsuno
781 1718 864 1752 and
874 1718 924 1752 z'ts
933 1717 1112 1763 pictured
1124 1717 1235 1751 walls
1251 1717 1364 1762 bring
1376 1717 1477 1763 hope.

421 1804 524 1838 lucus
542 1803 578 1837 in
597 1803 687 1837 urbe
705 1802 770 1837 fuit
788 1801 925 1844 media,
945 1801 1169 1836 laetissimus
1186 1801 1351 1843 umbrae,

377 1874 449 1908 quo
468 1862 627 1907 primum
645 1861 770 1895 iactati
789 1859 898 1894 undis
915 1866 952 1894 et
970 1859 1115 1894 turbine
1137 1859 1251 1893 Poeni

378 1920 538 1954 effodere
556 1920 638 1953 loco
657 1918 815 1963 signum,
834 1918 934 1964 quod
954 1917 1056 1962 regia
1077 1918 1170 1951 Iuno

377 1985 611 2021 monstrarat,
630 1984 742 2021 caput
759 1977 854 2011 acris
872 1976 956 2021 equi
975 1988 982 2010 :
1009 1975 1062 2010 sic
1079 1986 1168 2009 nam
1186 1975 1263 2009 fore
1281 1975 1379 2009 bello

378 2036 567 2080 egregiam
584 2041 620 2070 et
636 2034 783 2069 facilem
802 2034 900 2068 victu
920 2045 985 2079 per
1002 2034 1151 2068 saecula
1167 2040 1329 2077 gentem.
1568 2043 1636 2077 445

378 2094 438 2128 hic
456 2094 636 2138 templum
656 2092 788 2127 Iunoni
807 2092 937 2136 ingens
958 2091 1112 2126 Sidonia
1131 2091 1232 2125 Dido

379 2152 574 2194 condebat,
593 2150 700 2185 donis
717 2150 931 2195 opulentum
949 2156 985 2184 et
1003 2148 1153 2183 numine
1171 2148 1291 2188 divae,

380 2221 487 2243 aerea
506 2209 563 2243 cui
582 2209 757 2253 gradibus
778 2208 978 2252 surgebant
995 2207 1125 2240 limina
1142 2218 1333 2252 nexaeque

380 2278 464 2301 aere
482 2268 616 2309 trabes,
635 2267 774 2300 foribus
793 2266 906 2299 cardo
925 2264 1104 2300 stridebat
1122 2264 1237 2298 aenis.

379 2325 450 2360 hoc
469 2326 626 2370 primum
645 2324 681 2359 in
701 2325 782 2359 luco
800 2335 897 2358 nova
914 2335 972 2358 res
991 2323 1115 2357 oblata
1131 2322 1302 2365 timorem
1569 2330 1637 2367 450

379 2383 482 2421 leniit
501 2397 510 2428 3
536 2383 596 2420 hic
614 2382 774 2431 primum
792 2383 940 2419 Aeneas
959 2391 1107 2428 sperare
1125 2380 1283 2417 salutem
1334 2406 1339 2408 -
1379 2405 1402 2408 v·
1430 2406 1436 2407 ff
1494 2403 1499 2407 >
