<?xml version="1.0" encoding="UTF-8"?>
<!DOCTYPE html PUBLIC "-//W3C//DTD XHTML 1.0 Transitional//EN"
    "http://www.w3.org/TR/xhtml1/DTD/xhtml1-transitional.dtd">
<html xmlns="http://www.w3.org/1999/xhtml" xml:lang="en" lang="en">
 <head>
  <title>
</title>
<meta http-equiv="Content-Type" content="text/html;charset=utf-8" />
  <meta name='ocr-system' content='tesseract 3.04.00' />
  <meta name='ocr-capabilities' content='ocr_page ocr_carea ocr_par ocr_line ocrx_word'/>
</head>
<body>
  <div class='ocr_page' id='page_1' title='image "aeneidbooki1896virguoft_0046.png"; bbox 0 0 1731 2573; ppageno 0'>
   <div class='ocr_carea' id='block_1_1' title="bbox 80 368 192 436">
    <p class='ocr_par' dir='ltr' id='par_1_1' title="bbox 80 368 192 436">
     <span class='ocr_line' id='line_1_1' title="bbox 80 368 192 436; baseline -0.009 -49"><span class='ocrx_word' id='word_1_1' title='bbox 80 385 89 397; x_wconf 14' lang='lat' dir='ltr'>R</span> <span class='ocrx_word' id='word_1_2' title='bbox 119 368 192 436; x_wconf 43' lang='lat'>535-</span> 
     </span>
    </p>
   </div>
   <div class='ocr_carea' id='block_1_2' title="bbox 1434 0 1570 86">
    <p class='ocr_par' dir='ltr' id='par_1_2' title="bbox 1434 0 1570 86">
     <span class='ocr_line' id='line_1_2' title="bbox 1434 0 1570 86; baseline -0.007 0"><span class='ocrx_word' id='word_1_3' title='bbox 1434 80 1441 86; x_wconf 78' lang='lat'><em>-</em></span> <span class='ocrx_word' id='word_1_4' title='bbox 1458 76 1463 83; x_wconf 87' lang='lat'>·</span> <span class='ocrx_word' id='word_1_5' title='bbox 1482 0 1570 79; x_wconf 23' lang='lat' dir='ltr'>‘&#39;⁸&#39;‘va</span> 
     </span>
    </p>
   </div>
   <div class='ocr_carea' id='block_1_3' title="bbox 1426 108 1445 119">
    <p class='ocr_par' dir='ltr' id='par_1_3' title="bbox 1426 108 1445 119">
     <span class='ocr_line' id='line_1_3' title="bbox 1426 108 1445 119; baseline 0 0"><span class='ocrx_word' id='word_1_6' title='bbox 1426 108 1445 119; x_wconf 59' lang='lat' dir='ltr'>v</span> 
     </span>
    </p>
   </div>
   <div class='ocr_carea' id='block_1_4' title="bbox 491 114 1421 154">
    <p class='ocr_par' dir='ltr' id='par_1_4' title="bbox 491 114 1421 154">
     <span class='ocr_line' id='line_1_4' title="bbox 491 114 1421 154; baseline -0.006 -9"><span class='ocrx_word' id='word_1_7' title='bbox 491 119 523 146; x_wconf 90' lang='lat' dir='ltr'>P.</span> <span class='ocrx_word' id='word_1_8' title='bbox 555 118 719 144; x_wconf 84' lang='lat' dir='ltr'><strong>VERGILI</strong></span> <span class='ocrx_word' id='word_1_9' title='bbox 749 117 927 143; x_wconf 82' lang='lat' dir='ltr'>MARONIS</span> <span class='ocrx_word' id='word_1_10' title='bbox 956 116 1157 142; x_wconf 83' lang='lat' dir='ltr'>AENEIDOS</span> <span class='ocrx_word' id='word_1_11' title='bbox 1186 116 1264 141; x_wconf 88' lang='lat' dir='ltr'><strong>LIB.</strong></span> <span class='ocrx_word' id='word_1_12' title='bbox 1295 114 1320 142; x_wconf 91' lang='lat'>1.</span> <span class='ocrx_word' id='word_1_13' title='bbox 1378 120 1421 154; x_wconf 47' lang='grc' dir='ltr'>[ι</span> 
     </span>
    </p>
   </div>
   <div class='ocr_carea' id='block_1_5' title="bbox 342 162 1629 703">
    <p class='ocr_par' dir='ltr' id='par_1_5' title="bbox 342 162 1629 703">
     <span class='ocr_line' id='line_1_5' title="bbox 1262 162 1371 181; baseline -0.018 -2"><span class='ocrx_word' id='word_1_14' title='bbox 1262 165 1265 179; x_wconf 66' lang='lat' dir='ltr'>l</span> <span class='ocrx_word' id='word_1_15' title='bbox 1299 167 1309 178; x_wconf 49' lang='lat' dir='ltr'>c,</span> <span class='ocrx_word' id='word_1_16' title='bbox 1331 162 1371 181; x_wconf 40' lang='grc' dir='ltr'>Ἢν</span> 
     </span>
     <span class='ocr_line' id='line_1_6' title="bbox 1264 185 1322 211; baseline 0 0"><span class='ocrx_word' id='word_1_17' title='bbox 1264 185 1322 211; x_wconf 66' lang='lat' dir='ltr'>&#39;s</span> 
     </span>
     <span class='ocr_line' id='line_1_7' title="bbox 389 223 1427 271; baseline -0.004 -9"><span class='ocrx_word' id='word_1_18' title='bbox 389 228 425 262; x_wconf 85' lang='lat' dir='ltr'><em>T</em></span> <span class='ocrx_word' id='word_1_19' title='bbox 419 227 463 262; x_wconf 79' lang='lat' dir='ltr'>lte</span> <span class='ocrx_word' id='word_1_20' title='bbox 478 231 579 271; x_wconf 80' lang='lat' dir='ltr'><em>story</em></span> <span class='ocrx_word' id='word_1_21' title='bbox 595 227 745 270; x_wconf 77' lang='lat' dir='ltr'>begins;</span> <span class='ocrx_word' id='word_1_22' title='bbox 769 225 894 269; x_wconf 66' lang='lat' dir='ltr'>orzgin</span> <span class='ocrx_word' id='word_1_23' title='bbox 913 223 1096 269; x_wconf 83' lang='lat' dir='ltr'>ossuno’s</span> <span class='ocrx_word' id='word_1_24' title='bbox 1111 223 1248 258; x_wconf 79' lang='lat' dir='ltr'>leatred</span> <span class='ocrx_word' id='word_1_25' title='bbox 1259 225 1302 256; x_wconf 77' lang='lat' dir='ltr'>of</span> <span class='ocrx_word' id='word_1_26' title='bbox 1320 223 1427 267; x_wconf 86' lang='lat' dir='ltr'><em>Troy.</em></span> 
     </span>
     <span class='ocr_line' id='line_1_8' title="bbox 390 291 1240 350; baseline -0.006 -9"><span class='ocrx_word' id='word_1_27' title='bbox 390 308 477 341; x_wconf 91' lang='lat' dir='ltr'>urbs</span> <span class='ocrx_word' id='word_1_28' title='bbox 495 305 649 350; x_wconf 88' lang='lat' dir='ltr'>antiqua</span> <span class='ocrx_word' id='word_1_29' title='bbox 663 303 882 348; x_wconf 90' lang='lat' dir='ltr'>fuit—Tyrii</span> <span class='ocrx_word' id='word_1_30' title='bbox 901 310 1051 338; x_wconf 88' lang='lat' dir='ltr'>tenuere</span> <span class='ocrx_word' id='word_1_31' title='bbox 1070 291 1240 338; x_wconf 87' lang='lat' dir='ltr'>coloni—</span> 
     </span>
     <span class='ocr_line' id='line_1_9' title="bbox 347 361 1262 423; baseline -0.005 -24"><span class='ocrx_word' id='word_1_32' title='bbox 347 365 565 423; x_wconf 84' lang='lat' dir='ltr'>Karthago,</span> <span class='ocrx_word' id='word_1_33' title='bbox 575 361 722 420; x_wconf 81' lang='lat' dir='ltr'>Italiam</span> <span class='ocrx_word' id='word_1_34' title='bbox 739 368 869 413; x_wconf 88' lang='lat' dir='ltr'>contra</span> <span class='ocrx_word' id='word_1_35' title='bbox 886 361 1135 406; x_wconf 82' lang='lat' dir='ltr'>Tiberinaque</span> <span class='ocrx_word' id='word_1_36' title='bbox 1151 361 1262 405; x_wconf 90' lang='lat' dir='ltr'>longe</span> 
     </span>
     <span class='ocr_line' id='line_1_10' title="bbox 344 410 1277 465; baseline -0.005 -9"><span class='ocrx_word' id='word_1_37' title='bbox 344 423 450 465; x_wconf 85' lang='lat' dir='ltr'>ostia,</span> <span class='ocrx_word' id='word_1_38' title='bbox 469 411 529 456; x_wconf 72' lang='lat' dir='ltr'>dix</span> <span class='ocrx_word' id='word_1_39' title='bbox 533 410 572 455; x_wconf 83' lang='lat' dir='ltr'>es</span> <span class='ocrx_word' id='word_1_40' title='bbox 590 413 702 465; x_wconf 88' lang='lat' dir='ltr'>opum</span> <span class='ocrx_word' id='word_1_41' title='bbox 714 410 926 463; x_wconf 88' lang='lat' dir='ltr'>studiisque</span> <span class='ocrx_word' id='word_1_42' title='bbox 945 418 1149 463; x_wconf 88' lang='lat' dir='ltr'>asperrima</span> <span class='ocrx_word' id='word_1_43' title='bbox 1165 418 1276 452; x_wconf 91' lang='lat' dir='ltr'>belli·</span> <span class='ocrx_word' id='word_1_44' title='bbox 1267 444 1277 460; x_wconf 89' lang='lat'><strong><em>,</em></strong></span> 
     </span>
     <span class='ocr_line' id='line_1_11' title="bbox 343 476 1604 525; baseline -0.004 -11"><span class='ocrx_word' id='word_1_45' title='bbox 343 492 456 525; x_wconf 90' lang='lat' dir='ltr'>quam</span> <span class='ocrx_word' id='word_1_46' title='bbox 477 480 568 513; x_wconf 89' lang='lat' dir='ltr'>Iuno</span> <span class='ocrx_word' id='word_1_47' title='bbox 584 479 697 513; x_wconf 87' lang='lat' dir='ltr'>fertur</span> <span class='ocrx_word' id='word_1_48' title='bbox 713 477 820 512; x_wconf 89' lang='lat' dir='ltr'>terris</span> <span class='ocrx_word' id='word_1_49' title='bbox 837 476 957 521; x_wconf 90' lang='lat' dir='ltr'>magis</span> <span class='ocrx_word' id='word_1_50' title='bbox 975 476 1145 510; x_wconf 88' lang='lat' dir='ltr'>omnibus</span> <span class='ocrx_word' id='word_1_51' title='bbox 1162 488 1275 510; x_wconf 88' lang='lat' dir='ltr'>unam</span> <span class='ocrx_word' id='word_1_52' title='bbox 1563 483 1604 518; x_wconf 68' lang='lat'>15²</span> 
     </span>
     <span class='ocr_line' id='line_1_12' title="bbox 344 534 1222 583; baseline -0.006 -11"><span class='ocrx_word' id='word_1_53' title='bbox 344 537 558 583; x_wconf 77' lang='lat' dir='ltr'>posthabita</span> <span class='ocrx_word' id='word_1_54' title='bbox 574 535 732 570; x_wconf 88' lang='lat' dir='ltr'>coluisse</span> <span class='ocrx_word' id='word_1_55' title='bbox 751 535 864 583; x_wconf 84' lang='lat' dir='ltr'>Samo</span> <span class='ocrx_word' id='word_1_56' title='bbox 881 546 888 569; x_wconf 89' lang='lat'>:</span> <span class='ocrx_word' id='word_1_57' title='bbox 914 534 976 569; x_wconf 94' lang='lat' dir='ltr'>hic</span> <span class='ocrx_word' id='word_1_58' title='bbox 994 534 1089 568; x_wconf 90' lang='lat' dir='ltr'>illius</span> <span class='ocrx_word' id='word_1_59' title='bbox 1107 545 1222 579; x_wconf 82' lang='lat' dir='ltr'>arma,</span> 
     </span>
     <span class='ocr_line' id='line_1_13' title="bbox 342 592 1319 638; baseline -0.005 -8"><span class='ocrx_word' id='word_1_60' title='bbox 342 596 404 630; x_wconf 90' lang='lat' dir='ltr'>hic</span> <span class='ocrx_word' id='word_1_61' title='bbox 422 607 547 629; x_wconf 87' lang='lat' dir='ltr'>currus</span> <span class='ocrx_word' id='word_1_62' title='bbox 564 594 630 628; x_wconf 88' lang='lat' dir='ltr'>fuit</span> <span class='ocrx_word' id='word_1_63' title='bbox 648 607 656 635; x_wconf 82' lang='lat'>3</span> <span class='ocrx_word' id='word_1_64' title='bbox 680 593 753 628; x_wconf 93' lang='lat' dir='ltr'>hoc</span> <span class='ocrx_word' id='word_1_65' title='bbox 771 604 928 638; x_wconf 89' lang='lat' dir='ltr'>regnum</span> <span class='ocrx_word' id='word_1_66' title='bbox 946 593 1017 626; x_wconf 89' lang='lat' dir='ltr'>dea</span> <span class='ocrx_word' id='word_1_67' title='bbox 1033 592 1205 637; x_wconf 90' lang='lat' dir='ltr'>gentibus</span> <span class='ocrx_word' id='word_1_68' title='bbox 1223 603 1319 635; x_wconf 86' lang='lat' dir='ltr'>esse,</span> 
     </span>
     <span class='ocr_line' id='line_1_14' title="bbox 343 650 1629 703; baseline -0.005 -15"><span class='ocrx_word' id='word_1_69' title='bbox 343 653 374 688; x_wconf 93' lang='lat' dir='ltr'>si</span> <span class='ocrx_word' id='word_1_70' title='bbox 392 665 465 699; x_wconf 92' lang='lat' dir='ltr'>qua</span> <span class='ocrx_word' id='word_1_71' title='bbox 481 654 557 687; x_wconf 88' lang='lat' dir='ltr'>fata</span> <span class='ocrx_word' id='word_1_72' title='bbox 575 653 710 695; x_wconf 83' lang='lat' dir='ltr'>sinant,</span> <span class='ocrx_word' id='word_1_73' title='bbox 728 651 803 685; x_wconf 89' lang='lat' dir='ltr'>iam</span> <span class='ocrx_word' id='word_1_74' title='bbox 819 658 899 686; x_wconf 90' lang='lat' dir='ltr'>tum</span> <span class='ocrx_word' id='word_1_75' title='bbox 916 650 1108 696; x_wconf 85' lang='lat' dir='ltr'>tenditque</span> <span class='ocrx_word' id='word_1_76' title='bbox 1123 650 1305 695; x_wconf 89' lang='lat' dir='ltr'>fovetque.</span> <span class='ocrx_word' id='word_1_77' title='bbox 1555 668 1560 672; x_wconf 91' lang='lat'><em>-</em></span> <span class='ocrx_word' id='word_1_78' title='bbox 1625 665 1629 703; x_wconf 55' lang='grc' dir='ltr'>Ι</span> 
     </span>
    </p>
   </div>
   <div class='ocr_carea' id='block_1_6' title="bbox 291 705 1645 812">
    <p class='ocr_par' dir='ltr' id='par_1_6' title="bbox 291 705 1645 812">
     <span class='ocr_line' id='line_1_15' title="bbox 317 705 1282 759; baseline -0.003 -14"><span class='ocrx_word' id='word_1_79' title='bbox 317 705 642 759; x_wconf 14' lang='lat' dir='ltr'>Vapipgeniem‘sed</span> <span class='ocrx_word' id='word_1_80' title='bbox 659 710 759 753; x_wconf 71' lang='lat' dir='ltr'>enim</span> <span class='ocrx_word' id='word_1_81' title='bbox 777 709 940 743; x_wconf 89' lang='lat' dir='ltr'>Troiano</span> <span class='ocrx_word' id='word_1_82' title='bbox 957 720 980 742; x_wconf 90' lang='lat' dir='ltr'>a</span> <span class='ocrx_word' id='word_1_83' title='bbox 997 708 1177 753; x_wconf 87' lang='lat' dir='ltr'>sanguine</span> <span class='ocrx_word' id='word_1_84' title='bbox 1195 707 1282 742; x_wconf 89' lang='lat' dir='ltr'>duci</span> 
     </span>
     <span class='ocr_line' id='line_1_16' title="bbox 291 758 1645 812; baseline -0.006 -8"><span class='ocrx_word' id='word_1_85' title='bbox 291 762 300 763; x_wconf 20' lang='grc' dir='ltr'><strong><em>ἶ</em></strong></span> <span class='ocrx_word' id='word_1_86' title='bbox 342 770 519 811; x_wconf 84' lang='lat' dir='ltr'>audierat,</span> <span class='ocrx_word' id='word_1_87' title='bbox 539 765 669 812; x_wconf 80' lang='lat' dir='ltr'>Tyrias</span> <span class='ocrx_word' id='word_1_88' title='bbox 687 767 775 801; x_wconf 90' lang='lat' dir='ltr'>olim</span> <span class='ocrx_word' id='word_1_89' title='bbox 794 778 889 812; x_wconf 89' lang='lat' dir='ltr'>quae</span> <span class='ocrx_word' id='word_1_90' title='bbox 906 773 1065 801; x_wconf 87' lang='lat' dir='ltr'>verteret</span> <span class='ocrx_word' id='word_1_91' title='bbox 1082 777 1185 800; x_wconf 85' lang='lat' dir='ltr'>arces</span> <span class='ocrx_word' id='word_1_92' title='bbox 1206 778 1214 807; x_wconf 93' lang='lat'>;</span> <span class='ocrx_word' id='word_1_93' title='bbox 1295 758 1325 764; x_wconf 35' lang='lat'>‘⁷</span> <span class='ocrx_word' id='word_1_94' title='bbox 1463 762 1467 797; x_wconf 72' lang='grc' dir='ltr'>Ι</span> <span class='ocrx_word' id='word_1_95' title='bbox 1494 770 1495 774; x_wconf 78' lang='grc'>’</span> <span class='ocrx_word' id='word_1_96' title='bbox 1526 762 1529 767; x_wconf 80' lang='grc'><strong>“</strong></span> <span class='ocrx_word' id='word_1_97' title='bbox 1560 772 1607 797; x_wconf 90' lang='lat'>20</span> <span class='ocrx_word' id='word_1_98' title='bbox 1643 788 1645 790; x_wconf 82' lang='lat'><em>-</em></span> 
     </span>
    </p>
   </div>
   <div class='ocr_carea' id='block_1_7' title="bbox 342 824 1694 1560">
    <p class='ocr_par' dir='ltr' id='par_1_7' title="bbox 342 824 1694 1216">
     <span class='ocr_line' id='line_1_17' title="bbox 343 824 1265 872; baseline -0.004 -11"><span class='ocrx_word' id='word_1_99' title='bbox 343 827 429 861; x_wconf 89' lang='lat' dir='ltr'>hinc</span> <span class='ocrx_word' id='word_1_100' title='bbox 448 827 624 872; x_wconf 89' lang='lat' dir='ltr'>populum</span> <span class='ocrx_word' id='word_1_101' title='bbox 642 826 715 859; x_wconf 90' lang='lat' dir='ltr'>late</span> <span class='ocrx_word' id='word_1_102' title='bbox 733 836 859 869; x_wconf 89' lang='lat' dir='ltr'>regem</span> <span class='ocrx_word' id='word_1_103' title='bbox 876 825 1048 869; x_wconf 90' lang='lat' dir='ltr'>belloque</span> <span class='ocrx_word' id='word_1_104' title='bbox 1066 824 1265 868; x_wconf 84' lang='lat' dir='ltr'>superbum</span> 
     </span>
     <span class='ocr_line' id='line_1_18' title="bbox 342 867 1292 926; baseline -0.004 -7"><span class='ocrx_word' id='word_1_105' title='bbox 342 892 537 919; x_wconf 84' lang='lat' dir='ltr'>venturum</span> <span class='ocrx_word' id='word_1_106' title='bbox 555 883 699 917; x_wconf 86' lang='lat' dir='ltr'>excidio</span> <span class='ocrx_word' id='word_1_107' title='bbox 719 867 883 926; x_wconf 43' lang='lat' dir='ltr'>Libykt</span> <span class='ocrx_word' id='word_1_108' title='bbox 900 882 964 917; x_wconf 60' lang='lat' dir='ltr'>&gt;sic</span> <span class='ocrx_word' id='word_1_109' title='bbox 981 882 1127 915; x_wconf 90' lang='lat' dir='ltr'>volvere</span> <span class='ocrx_word' id='word_1_110' title='bbox 1147 882 1292 915; x_wconf 83' lang='lat' dir='ltr'>Parcas.</span> 
     </span>
     <span class='ocr_line' id='line_1_19' title="bbox 345 938 1263 986; baseline -0.005 -9"><span class='ocrx_word' id='word_1_111' title='bbox 345 942 383 977; x_wconf 92' lang='lat' dir='ltr'>id</span> <span class='ocrx_word' id='word_1_112' title='bbox 400 950 569 976; x_wconf 89' lang='lat' dir='ltr'>metuens</span> <span class='ocrx_word' id='word_1_113' title='bbox 586 941 794 986; x_wconf 89' lang='lat' dir='ltr'>vete-risque</span> <span class='ocrx_word' id='word_1_114' title='bbox 811 952 955 974; x_wconf 90' lang='lat' dir='ltr'>memor</span> <span class='ocrx_word' id='word_1_115' title='bbox 976 939 1149 975; x_wconf 86' lang='lat' dir='ltr'>Saturnia</span> <span class='ocrx_word' id='word_1_116' title='bbox 1164 938 1263 982; x_wconf 85' lang='lat' dir='ltr'>belli,</span> 
     </span>
     <span class='ocr_line' id='line_1_20' title="bbox 342 996 1345 1044; baseline -0.004 -11"><span class='ocrx_word' id='word_1_117' title='bbox 342 999 463 1044; x_wconf 90' lang='lat' dir='ltr'>prima</span> <span class='ocrx_word' id='word_1_118' title='bbox 480 999 579 1044; x_wconf 90' lang='lat' dir='ltr'>quod</span> <span class='ocrx_word' id='word_1_119' title='bbox 598 1010 620 1033; x_wconf 92' lang='lat' dir='ltr'>a</span> <span class='ocrx_word' id='word_1_120' title='bbox 637 997 788 1032; x_wconf 85' lang='lat' dir='ltr'>Troiam</span> <span class='ocrx_word' id='word_1_121' title='bbox 806 1009 872 1042; x_wconf 91' lang='lat' dir='ltr'>pro</span> <span class='ocrx_word' id='word_1_122' title='bbox 892 997 986 1031; x_wconf 91' lang='lat' dir='ltr'>caris</span> <span class='ocrx_word' id='word_1_123' title='bbox 1003 1003 1170 1041; x_wconf 80' lang='lat' dir='ltr'>gesserat</span> <span class='ocrx_word' id='word_1_124' title='bbox 1187 996 1345 1040; x_wconf 86' lang='lat' dir='ltr'>Argis—</span> 
     </span>
     <span class='ocr_line' id='line_1_21' title="bbox 343 1054 1514 1105; baseline -0.005 -13"><span class='ocrx_word' id='word_1_125' title='bbox 343 1059 504 1092; x_wconf 89' lang='lat' dir='ltr'>necdum</span> <span class='ocrx_word' id='word_1_126' title='bbox 522 1057 633 1091; x_wconf 88' lang='lat' dir='ltr'>etiam</span> <span class='ocrx_word' id='word_1_127' title='bbox 651 1067 785 1105; x_wconf 85' lang='lat' dir='ltr'>causae</span> <span class='ocrx_word' id='word_1_128' title='bbox 803 1055 941 1090; x_wconf 89' lang='lat' dir='ltr'>irarum</span> <span class='ocrx_word' id='word_1_129' title='bbox 960 1054 1135 1100; x_wconf 91' lang='lat' dir='ltr'>saevique</span> <span class='ocrx_word' id='word_1_130' title='bbox 1153 1055 1300 1088; x_wconf 90' lang='lat' dir='ltr'>dolores</span> <span class='ocrx_word' id='word_1_131' title='bbox 1510 1096 1514 1100; x_wconf 34' lang='grc'><strong><em>1</em></strong></span> 
     </span>
     <span class='ocr_line' id='line_1_22' title="bbox 343 1103 1694 1164; baseline -0.004 -14"><span class='ocrx_word' id='word_1_132' title='bbox 343 1116 556 1150; x_wconf 85' lang='lat' dir='ltr'>exciderant</span> <span class='ocrx_word' id='word_1_133' title='bbox 574 1115 699 1148; x_wconf 87' lang='lat' dir='ltr'>animo</span> <span class='ocrx_word' id='word_1_134' title='bbox 717 1112 733 1164; x_wconf 54' lang='grc' dir='ltr'><em>ξ</em></span> <span class='ocrx_word' id='word_1_135' title='bbox 752 1120 879 1148; x_wconf 88' lang='lat' dir='ltr'>manet</span> <span class='ocrx_word' id='word_1_136' title='bbox 897 1114 972 1147; x_wconf 87' lang='lat' dir='ltr'>alta</span> <span class='ocrx_word' id='word_1_137' title='bbox 989 1119 1113 1147; x_wconf 89' lang='lat' dir='ltr'>mente</span> <span class='ocrx_word' id='word_1_138' title='bbox 1131 1119 1324 1157; x_wconf 83' lang='lat' dir='ltr'>repostum</span> <span class='ocrx_word' id='word_1_139' title='bbox 1339 1111 1392 1142; x_wconf 61' lang='grc' dir='ltr'>Αἱ</span> <span class='ocrx_word' id='word_1_140' title='bbox 1407 1117 1420 1156; x_wconf 71' lang='lat' dir='ltr'>&#39;f</span> <span class='ocrx_word' id='word_1_141' title='bbox 1449 1119 1453 1140; x_wconf 83' lang='lat'>¹-</span> <span class='ocrx_word' id='word_1_142' title='bbox 1470 1118 1475 1123; x_wconf 74' lang='lat'><strong><em>¹</em></strong></span> <span class='ocrx_word' id='word_1_143' title='bbox 1495 1103 1654 1160; x_wconf 25' lang='lat' dir='ltr'>jis-«Atrax</span> <span class='ocrx_word' id='word_1_144' title='bbox 1690 1111 1694 1117; x_wconf 73' lang='grc'><strong>”</strong></span> 
     </span>
     <span class='ocr_line' id='line_1_23' title="bbox 345 1164 1416 1216; baseline -0.006 -8"><span class='ocrx_word' id='word_1_145' title='bbox 345 1173 521 1208; x_wconf 89' lang='lat' dir='ltr'>iudicium</span> <span class='ocrx_word' id='word_1_146' title='bbox 542 1172 684 1206; x_wconf 86' lang='lat' dir='ltr'>Paridis</span> <span class='ocrx_word' id='word_1_147' title='bbox 703 1167 924 1216; x_wconf 82' lang='lat' dir='ltr'>spretaeque</span> <span class='ocrx_word' id='word_1_148' title='bbox 941 1170 1075 1205; x_wconf 85' lang='lat' dir='ltr'>iniuria</span> <span class='ocrx_word' id='word_1_149' title='bbox 1091 1170 1245 1212; x_wconf 89' lang='lat' dir='ltr'>formae,</span> <span class='ocrx_word' id='word_1_150' title='bbox 1411 1164 1416 1193; x_wconf 67' lang='lat' dir='ltr'><strong>f</strong></span> 
     </span>
    </p>

    <p class='ocr_par' dir='ltr' id='par_1_8' title="bbox 345 1228 1347 1275">
     <span class='ocr_line' id='line_1_24' title="bbox 345 1228 1347 1275; baseline -0.005 -10"><span class='ocrx_word' id='word_1_151' title='bbox 345 1237 382 1266; x_wconf 87' lang='lat' dir='ltr'>et</span> <span class='ocrx_word' id='word_1_152' title='bbox 398 1242 513 1275; x_wconf 85' lang='lat' dir='ltr'>genus</span> <span class='ocrx_word' id='word_1_153' title='bbox 532 1230 701 1271; x_wconf 87' lang='lat' dir='ltr'>invisum,</span> <span class='ocrx_word' id='word_1_154' title='bbox 724 1236 760 1263; x_wconf 89' lang='lat' dir='ltr'>et</span> <span class='ocrx_word' id='word_1_155' title='bbox 778 1228 872 1273; x_wconf 85' lang='lat' dir='ltr'>rapti</span> <span class='ocrx_word' id='word_1_156' title='bbox 892 1228 1121 1271; x_wconf 84' lang='lat' dir='ltr'>Ganymedis</span> <span class='ocrx_word' id='word_1_157' title='bbox 1139 1228 1347 1261; x_wconf 83' lang='lat' dir='ltr'>honores—</span> 
     </span>
    </p>

    <p class='ocr_par' dir='ltr' id='par_1_9' title="bbox 344 1286 1169 1332">
     <span class='ocr_line' id='line_1_25' title="bbox 344 1286 1169 1332; baseline -0.005 -9"><span class='ocrx_word' id='word_1_158' title='bbox 344 1289 402 1323; x_wconf 91' lang='lat' dir='ltr'>his</span> <span class='ocrx_word' id='word_1_159' title='bbox 419 1299 579 1323; x_wconf 88' lang='lat' dir='ltr'>accensa</span> <span class='ocrx_word' id='word_1_160' title='bbox 596 1299 718 1332; x_wconf 87' lang='lat' dir='ltr'>super,</span> <span class='ocrx_word' id='word_1_161' title='bbox 739 1286 895 1320; x_wconf 90' lang='lat' dir='ltr'>iactatos</span> <span class='ocrx_word' id='word_1_162' title='bbox 913 1297 1074 1331; x_wconf 89' lang='lat' dir='ltr'>aequore</span> <span class='ocrx_word' id='word_1_163' title='bbox 1090 1292 1169 1319; x_wconf 89' lang='lat' dir='ltr'>toto</span> 
     </span>
    </p>

    <p class='ocr_par' dir='ltr' id='par_1_10' title="bbox 345 1342 1610 1560">
     <span class='ocr_line' id='line_1_26' title="bbox 346 1342 1610 1390; baseline -0.006 -10"><span class='ocrx_word' id='word_1_164' title='bbox 346 1348 475 1389; x_wconf 89' lang='lat' dir='ltr'>Troas,</span> <span class='ocrx_word' id='word_1_165' title='bbox 494 1345 668 1390; x_wconf 83' lang='lat' dir='ltr'>reliquias</span> <span class='ocrx_word' id='word_1_166' title='bbox 688 1346 863 1379; x_wconf 90' lang='lat' dir='ltr'>Danaum</span> <span class='ocrx_word' id='word_1_167' title='bbox 881 1351 992 1388; x_wconf 88' lang='lat' dir='ltr'>atque</span> <span class='ocrx_word' id='word_1_168' title='bbox 1010 1343 1150 1377; x_wconf 90' lang='lat' dir='ltr'>inmitis</span> <span class='ocrx_word' id='word_1_169' title='bbox 1167 1342 1316 1385; x_wconf 85' lang='lat' dir='ltr'>Achilli,</span> <span class='ocrx_word' id='word_1_170' title='bbox 1566 1349 1610 1383; x_wconf 85' lang='lat'>30</span> 
     </span>
     <span class='ocr_line' id='line_1_27' title="bbox 346 1402 1206 1447; baseline -0.005 -9"><span class='ocrx_word' id='word_1_171' title='bbox 346 1405 495 1439; x_wconf 87' lang='lat' dir='ltr'>arcebat</span> <span class='ocrx_word' id='word_1_172' title='bbox 512 1404 622 1447; x_wconf 89' lang='lat' dir='ltr'>longe</span> <span class='ocrx_word' id='word_1_173' title='bbox 642 1402 759 1445; x_wconf 89' lang='lat' dir='ltr'>Latio,</span> <span class='ocrx_word' id='word_1_174' title='bbox 777 1402 988 1447; x_wconf 89' lang='lat' dir='ltr'>multosque</span> <span class='ocrx_word' id='word_1_175' title='bbox 1006 1413 1070 1446; x_wconf 88' lang='lat' dir='ltr'>per</span> <span class='ocrx_word' id='word_1_176' title='bbox 1088 1411 1206 1434; x_wconf 86' lang='lat' dir='ltr'>annos</span> 
     </span>
     <span class='ocr_line' id='line_1_28' title="bbox 345 1459 1158 1496; baseline -0.005 -1"><span class='ocrx_word' id='word_1_177' title='bbox 345 1462 516 1496; x_wconf 87' lang='lat' dir='ltr'>errabant</span> <span class='ocrx_word' id='word_1_178' title='bbox 535 1460 607 1495; x_wconf 86' lang='lat' dir='ltr'>acti</span> <span class='ocrx_word' id='word_1_179' title='bbox 625 1460 710 1494; x_wconf 87' lang='lat' dir='ltr'>fatis</span> <span class='ocrx_word' id='word_1_180' title='bbox 730 1459 849 1493; x_wconf 89' lang='lat' dir='ltr'>maria</span> <span class='ocrx_word' id='word_1_181' title='bbox 866 1459 993 1493; x_wconf 88' lang='lat' dir='ltr'>omnia</span> <span class='ocrx_word' id='word_1_182' title='bbox 1011 1459 1158 1492; x_wconf 87' lang='lat' dir='ltr'>circum.</span> 
     </span>
     <span class='ocr_line' id='line_1_29' title="bbox 346 1516 1292 1560; baseline -0.005 -6"><span class='ocrx_word' id='word_1_183' title='bbox 346 1526 471 1554; x_wconf 85' lang='lat' dir='ltr'>tantae</span> <span class='ocrx_word' id='word_1_184' title='bbox 489 1518 597 1552; x_wconf 91' lang='lat' dir='ltr'>molis</span> <span class='ocrx_word' id='word_1_185' title='bbox 615 1525 693 1552; x_wconf 88' lang='lat' dir='ltr'>erat</span> <span class='ocrx_word' id='word_1_186' title='bbox 712 1519 922 1552; x_wconf 86' lang='lat' dir='ltr'>Romanam</span> <span class='ocrx_word' id='word_1_187' title='bbox 956 1516 1115 1551; x_wconf 90' lang='lat' dir='ltr'>condere</span> <span class='ocrx_word' id='word_1_188' title='bbox 1133 1522 1292 1560; x_wconf 85' lang='lat' dir='ltr'>gentem.</span> 
     </span>
    </p>
   </div>
   <div class='ocr_carea' id='block_1_8' title="bbox 344 1626 1469 1676">
    <p class='ocr_par' dir='ltr' id='par_1_11' title="bbox 344 1626 1469 1676">
     <span class='ocr_line' id='line_1_30' title="bbox 344 1626 1469 1676; baseline -0.005 -10"><span class='ocrx_word' id='word_1_189' title='bbox 344 1632 380 1666; x_wconf 85' lang='lat' dir='ltr'><em>T</em></span> <span class='ocrx_word' id='word_1_190' title='bbox 375 1631 417 1665; x_wconf 74' lang='lat' dir='ltr'>lte</span> <span class='ocrx_word' id='word_1_191' title='bbox 440 1632 475 1665; x_wconf 88' lang='lat' dir='ltr'><em>T</em></span> <span class='ocrx_word' id='word_1_192' title='bbox 470 1631 607 1676; x_wconf 80' lang='lat' dir='ltr'>rojans,</span> <span class='ocrx_word' id='word_1_193' title='bbox 626 1631 783 1676; x_wconf 77' lang='lat' dir='ltr'>leaving</span> <span class='ocrx_word' id='word_1_194' title='bbox 797 1629 923 1674; x_wconf 79' lang='lat' dir='ltr'>Sicily,</span> <span class='ocrx_word' id='word_1_195' title='bbox 943 1639 1074 1662; x_wconf 83' lang='lat' dir='ltr'>arouse</span> <span class='ocrx_word' id='word_1_196' title='bbox 1090 1628 1150 1662; x_wconf 81' lang='lat' dir='ltr'>tlze</span> <span class='ocrx_word' id='word_1_197' title='bbox 1167 1639 1286 1672; x_wconf 80' lang='lat' dir='ltr'>anger</span> <span class='ocrx_word' id='word_1_198' title='bbox 1300 1626 1469 1671; x_wconf 83' lang='lat' dir='ltr'>ossuno.</span> 
     </span>
    </p>
   </div>
   <div class='ocr_carea' id='block_1_9' title="bbox 392 1718 1218 1765">
    <p class='ocr_par' dir='ltr' id='par_1_12' title="bbox 392 1718 1218 1765">
     <span class='ocr_line' id='line_1_31' title="bbox 392 1718 1218 1765; baseline -0.005 -10"><span class='ocrx_word' id='word_1_199' title='bbox 392 1721 452 1755; x_wconf 91' lang='lat' dir='ltr'>vix</span> <span class='ocrx_word' id='word_1_200' title='bbox 469 1732 489 1755; x_wconf 94' lang='lat' dir='ltr'>e</span> <span class='ocrx_word' id='word_1_201' title='bbox 507 1727 708 1765; x_wconf 88' lang='lat' dir='ltr'>conspectu</span> <span class='ocrx_word' id='word_1_202' title='bbox 728 1720 874 1755; x_wconf 89' lang='lat' dir='ltr'>Siculae</span> <span class='ocrx_word' id='word_1_203' title='bbox 891 1718 1030 1754; x_wconf 90' lang='lat' dir='ltr'>telluris</span> <span class='ocrx_word' id='word_1_204' title='bbox 1048 1719 1085 1753; x_wconf 90' lang='lat' dir='ltr'>in</span> <span class='ocrx_word' id='word_1_205' title='bbox 1103 1719 1218 1752; x_wconf 89' lang='lat' dir='ltr'>altum</span> 
     </span>
    </p>
   </div>
   <div class='ocr_carea' id='block_1_10' title="bbox 310 1776 1606 1822">
    <p class='ocr_par' dir='ltr' id='par_1_13' title="bbox 264 1765 1606 1822">
     <span class='ocr_line' id='line_1_32' title="bbox 310 1776 1606 1822; baseline 0.007 -9.657"><span class='ocrx_word' id='word_1_206' title='bbox 310 1780 428 1817; x_wconf 62' lang='lat' dir='ltr'>fvela</span> <span class='ocrx_word' id='word_1_207' title='bbox 445 1779 584 1813; x_wconf 83' lang='lat' dir='ltr'>dabant</span> <span class='ocrx_word' id='word_1_208' title='bbox 602 1778 688 1812; x_wconf 89' lang='lat' dir='ltr'>laeti</span> <span class='ocrx_word' id='word_1_209' title='bbox 707 1784 743 1812; x_wconf 91' lang='lat' dir='ltr'>et</span> <span class='ocrx_word' id='word_1_210' title='bbox 761 1789 912 1822; x_wconf 86' lang='lat' dir='ltr'>spumas</span> <span class='ocrx_word' id='word_1_211' title='bbox 932 1777 1019 1811; x_wconf 86' lang='lat' dir='ltr'>salis</span> <span class='ocrx_word' id='word_1_212' title='bbox 1036 1787 1122 1810; x_wconf 88' lang='lat' dir='ltr'>aere</span> <span class='ocrx_word' id='word_1_213' title='bbox 1139 1776 1307 1818; x_wconf 73' lang='lat' dir='ltr'>ruebant,</span> <span class='ocrx_word' id='word_1_214' title='bbox 1563 1780 1606 1817; x_wconf 85' lang='grc'>35</span> 
     </span>
    </p>
   </div>
   <div class='ocr_carea' id='block_1_11' title="bbox 345 1833 1614 2345">
    <p class='ocr_par' dir='ltr' id='par_1_14' title="bbox 345 1833 1327 1879">
     <span class='ocr_line' id='line_1_33' title="bbox 345 1833 1327 1879; baseline -0.004 -9"><span class='ocrx_word' id='word_1_215' title='bbox 345 1848 430 1870; x_wconf 89' lang='lat' dir='ltr'>curn</span> <span class='ocrx_word' id='word_1_216' title='bbox 450 1838 542 1871; x_wconf 89' lang='lat' dir='ltr'>Iuno</span> <span class='ocrx_word' id='word_1_217' title='bbox 560 1843 751 1870; x_wconf 85' lang='lat' dir='ltr'>aeternum</span> <span class='ocrx_word' id='word_1_218' title='bbox 770 1846 922 1869; x_wconf 89' lang='lat' dir='ltr'>servans</span> <span class='ocrx_word' id='word_1_219' title='bbox 941 1833 1008 1869; x_wconf 84' lang='lat' dir='ltr'>sub</span> <span class='ocrx_word' id='word_1_220' title='bbox 1027 1840 1176 1879; x_wconf 87' lang='lat' dir='ltr'>pectore</span> <span class='ocrx_word' id='word_1_221' title='bbox 1193 1833 1327 1867; x_wconf 88' lang='lat' dir='ltr'>vulnus</span> 
     </span>
    </p>

    <p class='ocr_par' dir='ltr' id='par_1_15' title="bbox 345 1890 1291 1937">
     <span class='ocr_line' id='line_1_34' title="bbox 345 1890 1291 1937; baseline -0.004 -9"><span class='ocrx_word' id='word_1_222' title='bbox 345 1895 438 1929; x_wconf 89' lang='lat' dir='ltr'>haec</span> <span class='ocrx_word' id='word_1_223' title='bbox 457 1906 582 1928; x_wconf 88' lang='lat' dir='ltr'>secum</span> <span class='ocrx_word' id='word_1_224' title='bbox 599 1906 605 1928; x_wconf 92' lang='lat'>:</span> <span class='ocrx_word' id='word_1_225' title='bbox 634 1894 763 1928; x_wconf 82' lang='lat' dir='ltr'>‘mene</span> <span class='ocrx_word' id='word_1_226' title='bbox 782 1893 930 1937; x_wconf 86' lang='lat' dir='ltr'>incepto</span> <span class='ocrx_word' id='word_1_227' title='bbox 948 1892 1126 1926; x_wconf 86' lang='lat' dir='ltr'>desistere</span> <span class='ocrx_word' id='word_1_228' title='bbox 1143 1890 1291 1934; x_wconf 86' lang='lat' dir='ltr'>victam,</span> 
     </span>
    </p>

    <p class='ocr_par' dir='ltr' id='par_1_16' title="bbox 346 1949 1267 1997">
     <span class='ocr_line' id='line_1_35' title="bbox 346 1949 1267 1997; baseline -0.004 -11"><span class='ocrx_word' id='word_1_229' title='bbox 346 1964 415 1986; x_wconf 87' lang='lat' dir='ltr'>nec</span> <span class='ocrx_word' id='word_1_230' title='bbox 433 1964 543 1997; x_wconf 89' lang='lat' dir='ltr'>posse</span> <span class='ocrx_word' id='word_1_231' title='bbox 563 1953 671 1986; x_wconf 89' lang='lat' dir='ltr'>Italia</span> <span class='ocrx_word' id='word_1_232' title='bbox 689 1953 917 1985; x_wconf 89' lang='lat' dir='ltr'>Teucrorum</span> <span class='ocrx_word' id='word_1_233' title='bbox 935 1957 1099 1984; x_wconf 89' lang='lat' dir='ltr'>avertere</span> <span class='ocrx_word' id='word_1_234' title='bbox 1116 1949 1267 1993; x_wconf 86' lang='lat' dir='ltr'>regern?</span> 
     </span>
    </p>

    <p class='ocr_par' dir='ltr' id='par_1_17' title="bbox 346 2008 1281 2055">
     <span class='ocr_line' id='line_1_36' title="bbox 346 2008 1281 2055; baseline -0.003 -11"><span class='ocrx_word' id='word_1_235' title='bbox 346 2010 483 2055; x_wconf 90' lang='lat' dir='ltr'>quippe</span> <span class='ocrx_word' id='word_1_236' title='bbox 500 2016 603 2044; x_wconf 88' lang='lat' dir='ltr'>vetor</span> <span class='ocrx_word' id='word_1_237' title='bbox 619 2010 713 2044; x_wconf 83' lang='lat' dir='ltr'>fatis.</span> <span class='ocrx_word' id='word_1_238' title='bbox 766 2010 938 2043; x_wconf 82' lang='lat' dir='ltr'>Pallasne</span> <span class='ocrx_word' id='word_1_239' title='bbox 955 2019 1105 2042; x_wconf 87' lang='lat' dir='ltr'>exurere</span> <span class='ocrx_word' id='word_1_240' title='bbox 1122 2008 1281 2041; x_wconf 87' lang='lat' dir='ltr'>classem</span> 
     </span>
    </p>

    <p class='ocr_par' dir='ltr' id='par_1_18' title="bbox 345 2067 1614 2160">
     <span class='ocr_line' id='line_1_37' title="bbox 345 2067 1614 2113; baseline -0.006 -11"><span class='ocrx_word' id='word_1_241' title='bbox 345 2068 524 2112; x_wconf 90' lang='lat' dir='ltr'>Argivom</span> <span class='ocrx_word' id='word_1_242' title='bbox 543 2075 653 2113; x_wconf 87' lang='lat' dir='ltr'>atque</span> <span class='ocrx_word' id='word_1_243' title='bbox 671 2067 772 2113; x_wconf 91' lang='lat' dir='ltr'>ipsos</span> <span class='ocrx_word' id='word_1_244' title='bbox 791 2067 908 2112; x_wconf 89' lang='lat' dir='ltr'>potuit</span> <span class='ocrx_word' id='word_1_245' title='bbox 926 2067 1164 2110; x_wconf 86' lang='lat' dir='ltr'>submergere</span> <span class='ocrx_word' id='word_1_246' title='bbox 1182 2071 1296 2110; x_wconf 83' lang='lat' dir='ltr'>ponto</span> <span class='ocrx_word' id='word_1_247' title='bbox 1565 2070 1614 2103; x_wconf 92' lang='lat'>40</span> 
     </span>
     <span class='ocr_line' id='line_1_38' title="bbox 346 2123 1126 2160; baseline -0.004 0"><span class='ocrx_word' id='word_1_248' title='bbox 346 2126 453 2160; x_wconf 90' lang='lat' dir='ltr'>unius</span> <span class='ocrx_word' id='word_1_249' title='bbox 472 2127 519 2160; x_wconf 90' lang='lat' dir='ltr'>ob</span> <span class='ocrx_word' id='word_1_250' title='bbox 537 2138 673 2160; x_wconf 84' lang='lat' dir='ltr'>noxam</span> <span class='ocrx_word' id='word_1_251' title='bbox 691 2133 726 2160; x_wconf 90' lang='lat' dir='ltr'>et</span> <span class='ocrx_word' id='word_1_252' title='bbox 744 2126 857 2159; x_wconf 90' lang='lat' dir='ltr'>furias</span> <span class='ocrx_word' id='word_1_253' title='bbox 875 2125 1002 2159; x_wconf 86' lang='lat' dir='ltr'>Aiacis</span> <span class='ocrx_word' id='word_1_254' title='bbox 1022 2123 1095 2158; x_wconf 93' lang='lat' dir='ltr'>Oili</span> <span class='ocrx_word' id='word_1_255' title='bbox 1111 2124 1126 2158; x_wconf 85' lang='lat'>?</span> 
     </span>
    </p>

    <p class='ocr_par' dir='ltr' id='par_1_19' title="bbox 347 2181 1264 2229">
     <span class='ocr_line' id='line_1_39' title="bbox 347 2181 1264 2229; baseline -0.004 -11"><span class='ocrx_word' id='word_1_256' title='bbox 347 2183 429 2229; x_wconf 92' lang='lat' dir='ltr'>ipsa</span> <span class='ocrx_word' id='word_1_257' title='bbox 448 2184 545 2218; x_wconf 90' lang='lat' dir='ltr'>Iovis</span> <span class='ocrx_word' id='word_1_258' title='bbox 562 2184 733 2229; x_wconf 88' lang='lat' dir='ltr'>rapidum</span> <span class='ocrx_word' id='word_1_259' title='bbox 748 2184 906 2217; x_wconf 85' lang='lat' dir='ltr'>iaculata</span> <span class='ocrx_word' id='word_1_260' title='bbox 924 2194 943 2216; x_wconf 94' lang='lat' dir='ltr'>e</span> <span class='ocrx_word' id='word_1_261' title='bbox 961 2182 1120 2216; x_wconf 88' lang='lat' dir='ltr'>nubibus</span> <span class='ocrx_word' id='word_1_262' title='bbox 1139 2181 1264 2225; x_wconf 87' lang='lat' dir='ltr'>ignem</span> 
     </span>
    </p>

    <p class='ocr_par' dir='ltr' id='par_1_20' title="bbox 346 2239 1228 2287">
     <span class='ocr_line' id='line_1_40' title="bbox 346 2239 1228 2287; baseline -0.006 -11"><span class='ocrx_word' id='word_1_263' title='bbox 346 2241 563 2287; x_wconf 89' lang='lat' dir='ltr'>disiecitque</span> <span class='ocrx_word' id='word_1_264' title='bbox 580 2249 678 2276; x_wconf 89' lang='lat' dir='ltr'>rates</span> <span class='ocrx_word' id='word_1_265' title='bbox 697 2241 900 2286; x_wconf 87' lang='lat' dir='ltr'>evertitque</span> <span class='ocrx_word' id='word_1_266' title='bbox 918 2251 1080 2285; x_wconf 88' lang='lat' dir='ltr'>aequora</span> <span class='ocrx_word' id='word_1_267' title='bbox 1097 2239 1228 2281; x_wconf 87' lang='lat' dir='ltr'>ventis,</span> 
     </span>
    </p>

    <p class='ocr_par' dir='ltr' id='par_1_21' title="bbox 347 2298 1268 2345">
     <span class='ocr_line' id='line_1_41' title="bbox 347 2298 1268 2345; baseline -0.004 -11"><span class='ocrx_word' id='word_1_268' title='bbox 347 2299 450 2335; x_wconf 86' lang='lat' dir='ltr'>illurn</span> <span class='ocrx_word' id='word_1_269' title='bbox 469 2300 718 2345; x_wconf 83' lang='lat' dir='ltr'>exspirantem</span> <span class='ocrx_word' id='word_1_270' title='bbox 736 2300 913 2334; x_wconf 83' lang='lat' dir='ltr'>transfixo</span> <span class='ocrx_word' id='word_1_271' title='bbox 931 2305 1079 2344; x_wconf 86' lang='lat' dir='ltr'>pectore</span> <span class='ocrx_word' id='word_1_272' title='bbox 1098 2298 1268 2331; x_wconf 84' lang='lat' dir='ltr'>flammas</span> 
     </span>
    </p>
   </div>
   <div class='ocr_carea' id='block_1_12' title="bbox 347 2356 1610 2414">
    <p class='ocr_par' dir='ltr' id='par_1_22' title="bbox 347 2356 1610 2414">
     <span class='ocr_line' id='line_1_42' title="bbox 347 2356 1610 2414; baseline -0.005 -17"><span class='ocrx_word' id='word_1_273' title='bbox 347 2359 492 2398; x_wconf 84' lang='lat' dir='ltr'>turbine</span> <span class='ocrx_word' id='word_1_274' title='bbox 510 2359 685 2407; x_wconf 80' lang='lat' dir='ltr'>corripuit</span> <span class='ocrx_word' id='word_1_275' title='bbox 705 2360 929 2414; x_wconf 77' lang='lat' dir='ltr'>scopuloque</span> <span class='ocrx_word' id='word_1_276' title='bbox 948 2356 1064 2393; x_wconf 87' lang='lat' dir='ltr'>infixit</span> <span class='ocrx_word' id='word_1_277' title='bbox 1082 2361 1190 2392; x_wconf 83' lang='lat' dir='ltr'>acuto</span> <span class='ocrx_word' id='word_1_278' title='bbox 1206 2366 1216 2398; x_wconf 83' lang='lat'><em>3</em></span> <span class='ocrx_word' id='word_1_279' title='bbox 1565 2357 1610 2396; x_wconf 82' lang='lat'>45</span> 
     </span>
    </p>
   </div>
  </div>
 </body>
</html>
