1731 2573
458 164 491 191 Ρ.
522 164 687 190 VERGILI
716 164 895 191 MARONIS
923 165 1125 193 AENEIDOS
1153 166 1230 194 LIB.
1261 166 1287 194 1.

311 260 510 295 detrudunt
528 272 643 295 naves
661 261 814 306 scopulo
830 274 839 303 3
865 262 962 297 levat
979 262 1059 307 ipse
1076 262 1226 298 tridenti

309 325 344 352 et
363 324 487 352 vastas
505 319 621 363 aperit
641 319 766 363 Syrtes
785 326 821 353 et
838 326 1019 364 temperat
1038 332 1185 366 aequor,

309 383 418 421 atque
436 377 525 411 rotis
545 388 708 411 summas
727 377 869 411 levibus
888 379 1087 422 perlabitur
1104 380 1234 414 undas.

307 445 351 468 ac
366 435 486 468 veluti
501 446 635 480 magno
652 436 692 469 in
702 436 845 480 populo
861 447 943 470 cum
961 439 1065 481 saepe
1081 442 1203 471 coorta
1218 441 1274 472 est

307 493 446 534 seditio,
468 494 656 538 saevitque
672 494 811 527 animis
828 494 987 539 ignobile
1004 495 1153 540 vulgus,

298 551 563 595 jamquefizces
579 555 614 584 et
629 563 722 585 saxa
740 553 1030 596 volanl--furor
1044 565 1152 586 arma
1170 554 1410 588 minzlrtrat—

305 612 385 642 lum
394 610 535 654 pietate
545 620 705 655 gravem
721 614 757 643 et
773 611 917 644 meritis
933 611 969 644 si
972 612 1075 655 forle
1093 612 1221 644 virum
1237 623 1344 657 quem

304 669 526 711 conspexere,
547 668 659 701 silent
675 669 900 713 arrectisque
918 668 1074 702 auribus
1090 669 1267 710 adstant,·

303 725 368 759 ille
384 727 483 771 regit
498 726 606 760 dictis
623 727 779 769 animos,
801 731 837 760 et
844 730 997 771 pectora
1015 727 1172 761 mulcet:

301 785 356 817 sz'c
369 788 522 818 cunctus
533 785 665 829 pelagi
679 785 810 818 cecidit
809 785 966 829 fragor,
988 796 1149 830 aequora
1162 787 1360 832 postquam

293 843 525 886 prospiciens
535 843 687 887 genitor
702 843 869 887 caeloque
887 844 1054 877 z'nveclus
1071 846 1197 887 aperlo

289 899 412 943 flectit
426 911 535 944 equos
551 911 737 945 curruque
755 901 887 934 volans
903 901 970 934 dat
986 902 1068 934 lora
1085 901 1251 934 secundo.

633 1012 707 1046 lee
722 1012 887 1046 harbour
902 1013 1091 1058 osresuge.

346 1094 481 1128 defessi
501 1094 713 1138 Aeneadae,
733 1106 827 1139 quae
846 1095 1015 1138 proxima
1033 1095 1150 1136 litora,
1171 1105 1279 1128 cursu

299 1152 527 1186 contendunt
546 1158 683 1196 petere,
705 1159 740 1186 et
761 1152 901 1196 Libyae
918 1159 1110 1186 vertuntur
1127 1152 1175 1186 ad
1194 1163 1289 1186 oras.

298 1217 352 1244 est
371 1209 407 1243 in
427 1221 575 1244 secessu
593 1211 706 1254 longo
724 1210 827 1244 locus
845 1222 851 1244 :
879 1210 1000 1244 insula
1018 1217 1164 1254 portum

297 1268 407 1302 efficit
425 1269 571 1302 obiectu
590 1268 756 1311 laterum,
776 1268 909 1313 quibus
928 1268 1049 1302 omnis
1067 1269 1114 1302 ab
1131 1268 1207 1302 alto

295 1326 476 1370 frangitur
493 1327 603 1371 inque
622 1326 724 1360 sinus
744 1326 878 1360 scindit
898 1337 981 1360 sese
1000 1327 1100 1360 unda
1116 1327 1298 1360 reductos.

295 1384 381 1418 hinc
399 1391 509 1429 atque
528 1384 614 1418 hinc
632 1392 759 1419 vastae
779 1396 887 1429 rupes
906 1383 1119 1429 geminique
1137 1384 1323 1418 minantur

295 1442 332 1475 in
350 1443 495 1476 caelum
514 1442 667 1487 scopuli,
691 1454 847 1488 quorum
867 1442 934 1476 sub
954 1442 1091 1476 vertice
1108 1442 1182 1476 late

294 1511 457 1545 aequora
473 1507 552 1535 tuta
572 1500 679 1535 silent
699 1513 705 1535 :
735 1507 813 1535 tum
833 1500 934 1534 silvis
955 1511 1091 1534 scaena
1109 1499 1273 1534 coruscis

294 1558 452 1603 desuper
468 1559 707 1604 horrentique
725 1566 845 1593 atrum
862 1570 993 1593 nemus
1012 1558 1181 1592 imminet
1200 1558 1330 1592 umbra
1348 1569 1355 1592 2

291 1616 497 1651 frontesub
515 1617 673 1651 adversa
691 1616 852 1662 scopulis
870 1616 1119 1662 pendentibus
1137 1622 1285 1650 antrum
1303 1628 1312 1657 ;

292 1674 390 1708 intus
408 1687 526 1720 aquae
546 1676 672 1710 dulces
690 1674 849 1720 vivoque
868 1674 1001 1709 sedilia
1019 1686 1120 1718 saxo,

293 1733 554 1777 Nympharum
572 1733 715 1767 domus.
766 1733 826 1767 hic
844 1733 961 1767 fessas
979 1744 1054 1766 non
1073 1731 1221 1766 vincula
1238 1741 1352 1765 naves

291 1791 365 1825 ulla
382 1798 520 1835 tenent,
538 1803 634 1826 unco
652 1802 727 1826 non
745 1791 872 1836 alligat
890 1802 1026 1826 ancora
1043 1802 1182 1824 morsu.

592 1909 627 1942 T
623 1908 666 1942 lte
683 1919 808 1953 weary
832 1908 990 1953 Trojans
1008 1906 1108 1940 land.

289 1993 361 2027 huc
379 1998 521 2037 septem
540 1993 688 2026 Aeneas
707 1991 872 2026 collectis
891 1991 1046 2025 navibus
1065 1990 1165 2025 omni

288 2062 332 2085 ex
349 2061 503 2084 numero
522 2050 618 2084 subit
637 2064 645 2092 ;
672 2061 715 2084 ac
734 2061 871 2094 magno
889 2049 1028 2083 telluris
1047 2059 1173 2083 amore

288 2108 426 2153 egressi
445 2115 573 2153 optata
589 2108 778 2153 potiuntur
797 2109 913 2141 Troes
931 2107 1071 2141 harena

287 2173 324 2201 et
341 2166 418 2200 sale
437 2167 606 2200 tabentes
625 2173 726 2200 artus
744 2166 781 2199 in
800 2165 906 2199 litore
924 2171 1076 2210 ponunt.

286 2235 330 2259 ac
348 2224 507 2269 primum
527 2224 619 2258 silici
639 2224 837 2258 scintillam
856 2223 1002 2257 excudit
1020 2223 1184 2257 Achates

287 2282 525 2327 succepitque
543 2282 668 2326 ignem
685 2282 782 2316 foliis
800 2288 911 2326 atque
929 2281 1035 2315 arida
1054 2281 1193 2315 circum

286 2341 514 2374 nutrimenta
531 2340 633 2374 dedit
651 2339 845 2384 rapuitque
865 2339 901 2372 in
919 2339 1048 2373 fomite
1066 2339 1266 2372 flammam.

284 2404 364 2433 tum
383 2399 555 2432 Cererem
575 2405 784 2442 corruptam
802 2396 912 2431 undis
932 2396 1171 2441 Cerealiaque
1189 2405 1293 2430 arma

1505 273 1568 310 145

1502 563 1567 599 150

1498 852 1560 888 ¹55

1495 1269 1560 1303 160

1487 1557 1552 1601 165

1481 1997 1548 2032 170

1480 2286 1543 2322 175
