1731 2573
413 152 444 179 P.
477 150 641 177 VERGILI
671 149 849 175 MARONIS
877 147 1079 173 AENEIDOS
1108 147 1184 173 LIB.
1216 147 1242 173 1.

267 248 466 294 expediunt
483 247 570 281 fessi
589 257 722 288 rerum,
741 245 938 289 frugesque
957 250 1124 289 receptas

268 313 303 341 et
321 313 457 341 torrere
475 311 608 349 parant
627 302 786 337 flammis
805 309 840 337 et
859 303 1026 346 frangere
1045 313 1144 336 saxo.

415 405 563 440 Aeneas
570 406 676 450 from
694 416 717 437 a
733 404 823 448 clzff
829 404 924 448 spz'es
940 415 964 436 a
980 403 1076 437 hercl
1088 404 1134 446 of
1140 403 1231 446 doer,

312 487 459 520 Aeneas
479 485 672 530 scopulum
689 484 831 519 interea
849 483 1066 518 conscendit
1085 490 1120 517 et
1138 494 1287 517 ornnem

265 550 501 588 prospectum
519 542 592 576 late
610 542 744 586 pelago
761 540 863 586 petit,
881 541 1043 583 Anthea,
1065 540 1094 574 si
1113 551 1224 585 quern

265 601 442 634 iactatum
459 607 570 634 vento
587 599 712 634 videat
732 599 987 643 Phrygiasque
1004 599 1176 639 biremes,

265 665 328 693 aut
347 659 489 704 Capyn,
511 664 573 691 aut
591 658 700 691 celsis
718 657 755 691 in
774 657 959 702 puppibus
978 668 1082 690 arma
1101 655 1216 690 Caici.

264 728 398 751 navem
416 716 452 750 in
471 723 672 761 conspectu
689 715 840 758 nullam,
859 722 932 749 tres
951 714 1056 749 litore
1074 726 1203 748 cervos

264 774 442 819 prospicit
459 781 623 808 errantes
641 787 649 816 3
675 774 744 807 hos
763 780 840 808 tota
857 780 1026 807 armenta
1043 779 1246 817 sequuntur

264 845 287 867 a
303 840 419 877 tergo,
440 839 476 867 et
494 833 645 877 longum
663 843 729 877 per
744 832 860 866 valles
877 831 1040 876 pascitur
1056 842 1200 875 agmen.

265 891 429 925 constitit
446 891 517 933 hic,
536 901 738 936 arcumque
755 901 869 923 manu
887 890 1100 934 celeresque
1119 888 1274 933 sagittas

266 949 449 993 corripuit,
468 949 563 982 fidus
581 960 677 993 quae
694 949 769 982 tela
786 948 938 992 gerebat
956 947 1134 989 Achates,

266 1007 511 1051 ductoresque
529 1006 630 1051 ipsos
648 1006 819 1050 primum,
838 1005 962 1050 capita
980 1006 1054 1039 alta
1070 1005 1231 1038 ferentes

266 1065 439 1099 cornibus
457 1064 632 1108 arboreis,
652 1064 780 1099 sternit
797 1077 806 1106 3
832 1070 911 1097 tum
928 1063 1060 1107 vulgus
1079 1069 1114 1097 et
1133 1074 1282 1096 omnem

266 1122 397 1156 miscet
416 1133 530 1166 agens
548 1122 631 1157 telis
648 1133 803 1157 nemora
820 1121 914 1156 inter
930 1121 1086 1155 frondea
1102 1120 1251 1154 turbam
1268 1133 1275 1161 3

264 1191 333 1214 nec
351 1180 452 1225 prius
471 1180 630 1223 absistit,
651 1192 764 1225 quam
783 1187 926 1224 septem
945 1178 1112 1223 ingentia
1128 1178 1247 1212 victor

265 1249 421 1283 corpora
438 1239 567 1273 fundat
584 1238 686 1272 humi
706 1244 741 1272 et
759 1249 956 1272 numerum
974 1248 1059 1271 cum
1076 1236 1233 1271 navibus
1251 1242 1395 1282 aequet.

452 1340 533 1374 and
544 1339 673 1386 brings
690 1338 793 1374 εἶκεν
806 1343 843 1373 to
860 1338 919 1373 ln‘s
935 1338 1182 1383 campaniam.

265 1420 352 1454 hinc
371 1427 517 1465 portum
534 1419 637 1465 petit,
656 1427 691 1455 et
711 1420 832 1454 socios
851 1419 1006 1464 partitur
1023 1419 1061 1453 in
1079 1429 1219 1453 omnes.

265 1477 352 1512 vina
368 1479 488 1512 bonus
506 1490 602 1523 quae
620 1479 755 1513 deinde
774 1478 877 1512 cadis
896 1484 1067 1512 onerarat
1084 1478 1242 1511 Acestes

266 1536 371 1570 litore
389 1537 581 1570 Trinacrio
600 1537 828 1581 dederatque
846 1535 1068 1570 abeuntibus
1085 1535 1208 1577 heros,

267 1593 410 1637 dividit,
431 1601 466 1628 et
485 1593 594 1629 dictis
612 1594 816 1628 maerentia
833 1600 985 1639 pectora
1001 1593 1137 1627 mulcet
1157 1605 1163 1627 :

250 1650 291 1686 ‘o
309 1652 409 1696 socii,
428 1663 548 1697 neque
566 1652 665 1686 enirn
683 1651 800 1696 ignari
820 1663 947 1686 sumus
964 1657 1051 1686 ante
1068 1651 1260 1694 malorum,

267 1722 289 1744 0
306 1710 409 1755 passi
426 1710 607 1754 graviora,
627 1710 730 1744 dabit
749 1710 841 1744 deus
858 1709 917 1744 his
935 1720 1082 1754 quoque
1100 1709 1224 1743 finem.

265 1780 332 1803 vos
351 1776 387 1803 et
407 1769 616 1813 Scyllaeam
633 1768 776 1803 rabiem
794 1768 1015 1813 penitusque
1034 1773 1210 1801 sonantes

267 1827 423 1861 accestis
441 1827 625 1872 scopulos,
643 1838 709 1861 vos
728 1833 763 1860 et
784 1826 971 1871 Cyclopea
989 1837 1078 1860 saxa
1105 1816 1109 1819 ⁴

267 1884 405 1929 experti
423 1897 429 1918 z
455 1892 627 1920 revocate
645 1885 802 1928 animos,
820 1890 1080 1929 maestumque
1098 1883 1269 1918 timorem

266 1941 399 1976 mittite
419 1955 427 1983 ;
453 1943 578 1977 forsan
597 1949 632 1977 et
650 1943 743 1977 haec
761 1942 850 1976 olim
867 1941 1083 1976 meminisse
1101 1941 1253 1975 iuvabit.

266 2011 332 2044 per
348 2000 469 2035 varios
488 2012 608 2041 casus,
631 2012 696 2045 per
713 2007 767 2035 tot
785 1999 1003 2034 discrimina
1019 2010 1142 2034 rerum

266 2058 452 2092 tendimus
471 2058 507 2092 in
527 2059 685 2100 Latium,
706 2059 813 2093 sedes
831 2058 893 2093 ubi
912 2058 989 2092 sata
1006 2058 1150 2103 quietas

267 2116 465 2150 ostendunt
484 2129 492 2158 ;
518 2116 590 2151 illic
608 2117 664 2151 fas
681 2128 796 2161 regna
813 2127 1004 2161 resurgere
1023 2115 1166 2150 Troiae.

267 2174 410 2217 durate,
431 2181 467 2209 et
485 2182 628 2210 vosmet
646 2176 756 2210 rebus
775 2182 920 2210 servate
938 2173 1140 2209 secundis.'

591 2277 626 2310 T
622 2276 664 2310 lte
681 2278 806 2321 repast
821 2287 867 2310 on
885 2276 944 2310 the
960 2275 1077 2310 shore.

313 2356 403 2390 talia
419 2367 510 2390 voce
528 2357 651 2399 refert,
668 2357 838 2402 curisque
856 2356 1066 2401 ingentibus
1085 2366 1197 2400 aeger

267 2425 372 2458 spem
389 2415 490 2448 vultu
509 2414 667 2458 simulat,
687 2415 820 2460 premit
839 2416 953 2449 altum
973 2415 1084 2450 corde
1103 2414 1281 2449 dolorem.

1459 483 1523 516 180

1462 771 1523 815 185

1461 1072 1525 1105 190

1460 1484 1522 1520 195

1459 1776 1528 1800 200

1460 2064 1524 2100 205
