1731 2573
213 140 261 178 18

491 152 525 178 Ρ.
555 150 721 178 VERGILI
750 151 928 177 MARONIS
956 150 1159 178 AENEIDOS
1187 152 1264 179 LIB.
1296 152 1321 180 Ι.

349 255 485 294 pontus
502 248 615 283 habet
635 247 774 292 Libyae
791 259 860 282 nec
879 259 964 292 spes
983 248 1058 283 iam
1076 254 1189 283 restat
1211 249 1290 292 Iuli,

350 313 389 342 at
405 307 498 341 freta
517 305 689 340 Sicaniae
708 306 840 339 saltem
860 305 1042 351 sedesque
1060 313 1220 351 paratas,

349 364 448 398 unde
465 364 537 397 huc
555 362 713 406 advecti,
731 374 932 408 regemque
951 370 1121 407 petamus
1138 363 1329 398 Acesten!

349 422 484 456 talibus
505 421 665 456 Ilioneus
682 433 691 463 ;
718 420 839 456 cuncti
859 421 967 456 simul
986 432 1049 456 ore
1066 422 1273 457 fremebant

352 479 604 515 Dardanidae.

640 580 741 614 Dido
758 580 944 625 promises
960 569 1178 625 prolectz'on.

396 666 475 694 tum
491 659 651 694 breviter
670 659 771 693 Dido
788 659 930 693 vultum
948 659 1112 693 demissa
1129 659 1293 704 profatur
1311 671 1320 695 z

330 717 482 752 ‘solvite
501 718 611 752 corde
629 724 782 758 metum,
805 717 950 760 Teucri,
970 717 1148 751 secludite
1167 729 1282 751 curas.

350 787 408 810 res
427 776 519 810 dura
535 782 571 809 et
589 774 692 820 regni
710 775 855 809 novitas
872 786 932 809 me
950 774 1039 809 talia
1056 781 1192 819 cogunt

350 834 470 868 moliri
489 840 525 868 et
542 835 617 868 late
635 833 728 867 fines
746 833 901 867 custode
918 832 1022 867 tueri.

351 892 433 937 quis
451 903 567 936 genus
584 891 817 934 Aeneadum,
836 890 919 936 quis
937 890 1073 925 Troiae
1089 890 1231 925 nesciat
1250 892 1379 926 urbem

350 950 577 995 virtutesque
594 949 766 994 virosque
784 955 848 983 aut
864 948 958 983 tanti
976 948 1149 983 incendia
1166 949 1278 983 belli?

350 1019 426 1042 non
444 1008 577 1041 obtusa
594 1007 690 1041 adeo
707 1013 898 1051 gestamus
916 1013 1069 1052 pectora
1089 1006 1214 1049 Poeni,

351 1077 419 1100 nec
437 1073 513 1100 tam
531 1077 683 1100 aversus
701 1077 817 1110 equos
835 1065 949 1110 Tyria
969 1065 1033 1099 Sol
1050 1064 1168 1109 iungit
1186 1065 1233 1099 ab
1251 1065 1351 1099 urbe.

352 1134 417 1158 seu
435 1135 501 1158 vos
521 1123 746 1168 Hesperiam
764 1134 941 1167 magnam
961 1122 1207 1168 Saturniaque
1224 1134 1312 1156 arva

353 1182 430 1216 sive
448 1181 580 1226 Erycis
598 1182 690 1215 fines
708 1192 908 1226 regemque
926 1180 1062 1225 optatis
1079 1181 1250 1223 Acesten,

353 1239 488 1274 auxilio
506 1247 605 1274 tutos
623 1239 809 1273 dimittam
829 1238 1034 1284 opibusque
1054 1238 1196 1272 iuvabo.

353 1297 464 1332 vultis
482 1304 517 1332 et
534 1297 593 1331 his
611 1309 758 1331 mecum
777 1296 916 1342 pariter
933 1296 1126 1331 considere
1144 1295 1296 1339 regnis?

352 1356 482 1390 urbem
501 1367 613 1400 quam
631 1362 765 1398 statuo,
782 1361 906 1389 vestra
922 1361 978 1389 est
998 1367 1006 1397 ;
1033 1353 1228 1388 subducite
1244 1365 1358 1388 naves
1375 1366 1383 1395 ;

355 1415 449 1448 Tros
469 1414 676 1458 Tyriusque
693 1413 785 1446 mihi
803 1413 903 1446 nullo
922 1411 1135 1446 discrimine
1153 1418 1292 1456 agetur.

355 1479 466 1518 atque
484 1471 625 1506 utinam
643 1483 706 1505 rex
723 1470 802 1515 ipse
823 1471 924 1504 Noto
943 1470 1154 1515 compulsus
1173 1470 1306 1504 eodem

355 1531 498 1565 adforet
515 1531 663 1563 Aeneas
683 1531 689 1563 !
716 1528 890 1573 equidem
907 1539 974 1573 per
991 1528 1099 1562 litora
1117 1534 1238 1562 certos

355 1588 541 1622 dimittam
559 1594 594 1621 et
615 1587 754 1631 Libyae
771 1587 926 1621 lustrare
945 1593 1110 1620 extrema
1127 1585 1272 1630 iubebo,

357 1646 386 1681 si
405 1645 537 1691 quibus
555 1645 693 1679 eiectus
712 1645 812 1679 silvis
831 1651 893 1679 aut
910 1644 1062 1678 urbibus
1081 1644 1198 1678 errat.'

745 1745 892 1779 Aeneas
908 1744 1086 1779 revealed.

402 1826 461 1861 his
479 1825 643 1861 animum
662 1824 792 1860 arrecti
811 1824 920 1859 dictis
938 1830 974 1859 et
992 1824 1095 1858 fortis
1113 1823 1276 1858 Achates

357 1893 392 1920 et
411 1891 516 1930 pater
532 1886 681 1919 Aeneas
700 1883 920 1917 iamdudum
936 1893 1130 1927 erumpere
1148 1882 1287 1916 nubem

356 1943 549 1977 ardebant.
602 1941 702 1986 prior
718 1942 874 1975 Aenean
892 1940 1090 1984 compellat
1109 1939 1270 1973 Achates
1287 1950 1295 1973 :

335 2000 344 2017 ‘
357 2006 444 2034 nate
461 1999 543 2042 dea,
561 2010 655 2043 quae
673 2009 771 2032 nunc
788 1997 914 2032 animo
933 1997 1117 2031 sententia
1135 1995 1248 2040 surgit
1264 1996 1278 2030 ?

357 2058 484 2092 omnia
500 2064 580 2092 tuta
596 2056 712 2099 vides,
734 2057 893 2090 classem
911 2055 1105 2100 sociosque
1123 2060 1303 2098 receptos.

357 2128 451 2150 unus
469 2116 587 2158 abest,
604 2114 728 2149 medio
745 2114 783 2148 in
801 2114 913 2148 fluctu
932 2125 1042 2158 quem
1061 2112 1219 2146 vidimus
1237 2110 1308 2156 ipsi

358 2174 591 2207 submersum
609 2185 616 2214 ;
641 2172 750 2206 dictis
769 2171 995 2216 respondent
1014 2177 1136 2204 cetera
1154 2167 1308 2203 matris.'

356 2231 417 2265 vix
434 2243 478 2265 ea
494 2231 590 2265 fatus
608 2237 699 2272 erat,
719 2241 804 2264 cum
822 2229 1044 2264 circumfusa
1060 2234 1212 2272 repente

358 2289 492 2324 scindit
511 2300 550 2323 se
567 2289 684 2322 nubes
703 2294 739 2322 et
754 2288 790 2321 in
809 2288 961 2322 aethera
978 2292 1110 2331 purgat
1129 2291 1308 2330 apertum.

358 2347 489 2381 restitit
507 2348 656 2381 Aeneas
674 2347 848 2391 claraque
866 2346 903 2379 in
922 2346 1002 2379 luce
1020 2343 1162 2378 refulsit

358 2417 400 2440 os
417 2416 639 2450 umerosque
657 2405 728 2439 deo
747 2403 876 2438 similis
892 2416 901 2445 ;
928 2414 1089 2448 namque
1108 2402 1188 2446 ipsa
1207 2401 1381 2435 decoram

1545 481 1613 526 560

1548 891 1611 936 563

1551 1190 1616 1226 570
1642 1215 1645 1218 ⁴

1553 1478 1615 1514 575

1553 1881 1621 1925 580

1553 2167 1617 2210 585
