1731 2573
406 131 439 158 P.
470 129 634 157 VEBGILI
662 127 841 154 MARONIS
870 126 1072 153 AENEIDOS
1101 127 1178 153 LIB.
1210 127 1237 153 Ι.

261 227 288 262 it
306 227 479 273 strepitus
497 225 604 261 tectis
622 235 827 269 vocemque
845 235 911 269 per
927 224 1052 269 ampla
1069 223 1236 257 volutant

259 286 377 327 atria,
402 284 614 329 dependent
630 282 756 327 lychni
774 281 1011 327 laquearibus
1030 281 1151 315 aureis

260 343 410 387 incensi,
429 349 465 377 et
483 348 632 376 noctem
649 340 810 374 flammis
827 339 968 374 funalia
985 339 1149 373 vincunt.

260 401 322 436 hic
338 400 467 445 regina
483 411 635 444 gravem
653 398 811 443 gemmis
830 409 993 443 auroque
1011 397 1181 443 poposcit

262 458 487 504 inplevitque
504 469 607 492 mero
626 463 807 502 pateram,
828 467 939 501 quam
960 456 1072 490 Belus
1091 462 1127 490 et
1145 466 1275 490 omnes

259 528 283 552 a
300 516 390 551 Belo
408 516 504 550 soliti
522 529 530 558 3
556 522 634 550 turn
652 515 752 549 facta
769 514 915 549 silentia
933 513 1040 548 tectis
1059 526 1066 548 :

238 574 248 592 ‘
261 574 438 620 Iuppiter,
457 573 667 618 hospitibus
686 584 774 607 nam
791 579 828 607 te
846 573 934 607 dare
953 572 1032 606 iura
1050 573 1259 617 loquuntur,

258 633 357 667 hunc
373 633 511 667 laetum
530 631 725 676 Tyriisque
744 631 845 665 diem
863 630 1049 675 Troiaque
1067 629 1242 675 profectis

258 702 341 726 esse
357 690 458 734 velis,
476 696 696 735 nostrosque
712 689 820 723 huius
839 688 1053 723 meminisse
1071 688 1242 723 minores.

258 749 355 784 adsit
372 748 534 783 laetitiae
553 748 725 782 Bacchus
743 748 850 781 dator
867 753 903 781 et
920 747 1020 781 bona
1040 748 1132 780 Iuno
1153 758 1161 787 ;

258 814 294 843 et
312 819 378 841 vos
398 818 419 841 o
441 813 598 848 coetum,
621 805 737 850 Tyrii,
757 805 943 840 celebrate
961 805 1155 839 faventes.'

261 865 361 908 dixit,
380 871 416 900 et
434 864 472 899 in
489 876 659 899 mensam
676 863 829 898 laticum
847 863 974 897 libavit
992 863 1183 906 honorem,

258 923 452 969 primaque
471 923 585 957 libato
603 934 750 957 summo
768 929 875 956 tenus
893 921 1016 965 attigit
1033 933 1096 956 ore
1114 934 1122 963 ;

259 988 337 1017 tum
356 981 476 1015 Bitiae
494 981 597 1015 dedit
615 980 841 1025 increpitans
858 992 866 1021 ;
893 979 954 1013 ille
973 979 1116 1024 inpiger
1132 978 1258 1014 hausit

261 1046 496 1085 spumantem
514 1046 680 1084 pateram
699 1045 734 1073 et
753 1039 862 1083 pleno
882 1049 920 1072 se
939 1037 1072 1083 proluit
1091 1049 1179 1071 auro
1198 1049 1206 1079 3

259 1104 343 1143 post
361 1097 422 1131 alii
440 1108 624 1142 proceres.
677 1096 820 1130 cithara
838 1095 990 1130 crinitus
1012 1096 1122 1140 Iopas

259 1163 433 1201 personat
450 1162 589 1198 aurata,
608 1154 734 1189 docuit
752 1165 862 1199 quem
880 1154 1062 1187 maximus
1080 1154 1198 1188 Atlas.

259 1213 319 1248 hie
338 1213 436 1247 canit
454 1220 639 1247 errantem
656 1213 783 1246 lunam
802 1211 963 1257 solisque
981 1212 1140 1255 labores,

259 1271 357 1305 unde
374 1271 567 1305 hominum
584 1282 701 1316 genus
720 1276 755 1304 et
776 1269 948 1315 pecudes,
967 1269 1066 1303 unde
1084 1269 1203 1303 imber
1220 1276 1256 1304 et
1274 1269 1389 1314 ignes,

259 1330 457 1364 Arctumm
474 1329 692 1374 pluviasque
712 1328 868 1372 Hyadas
887 1327 1130 1373 geminosque
1150 1328 1319 1370 Triones,

260 1387 349 1432 quid
366 1394 510 1422 tantum
530 1388 683 1421 Oceano
701 1393 900 1431 properent
919 1397 959 1420 se
977 1385 1144 1430 tinguere
1162 1386 1260 1420 soles

260 1445 415 1489 hiberni,
433 1446 491 1479 vel
508 1456 603 1491 quae
620 1445 736 1479 tardis
755 1456 860 1478 mora
877 1444 1047 1478 noctibus
1066 1443 1197 1478 obstet.

261 1503 491 1548 ingeminant
509 1503 640 1548 plausu
659 1502 773 1547 Tyrii,
793 1503 983 1547 Troesque
1002 1508 1214 1547 sequuntur.

486 1604 588 1638 Dido
605 1604 696 1638 calls
700 1605 774 1648 sor
788 1603 848 1637 tlte
863 1607 965 1647 story
982 1603 1026 1648 (ff
1042 1604 1149 1647 Troy.

260 1696 329 1720 nec
345 1696 421 1719 non
439 1692 475 1720 et
491 1686 593 1719 vario
611 1692 759 1719 noctem
778 1695 947 1719 sermone
965 1684 1135 1719 trahebat

261 1743 386 1778 infelix
405 1744 518 1787 Dido,
536 1744 762 1788 longumque
779 1742 932 1776 bibebat
949 1753 1124 1785 amorem,

261 1801 377 1836 multa
395 1813 504 1844 super
523 1801 670 1835 Priamo
689 1800 866 1845 rogitans,
889 1812 999 1844 super
1019 1801 1183 1835 Hectore
1200 1800 1317 1835 multa
1334 1813 1343 1843 ;

261 1871 371 1901 nunc,
393 1859 525 1904 quibus
543 1860 708 1893 Aurorae
725 1858 887 1892 venisset
905 1858 999 1892 filius
1018 1858 1141 1901 armis,

262 1929 370 1960 nunc,
389 1918 515 1962 quales
536 1917 732 1951 Diomedis
751 1916 847 1962 equi,
866 1928 974 1959 nunc,
994 1923 1153 1961 quantus
1172 1916 1345 1951 Achilles.

264 1975 376 2010 immo
395 1987 472 2019 age,
492 1982 527 2010 et
545 1987 568 2009 a
585 1975 716 2020 prima,
738 1975 808 2019 dic,
826 1975 975 2020 hospes,
995 1974 1135 2019 origine
1152 1974 1260 2009 nobis

262 2033 439 2077 insidias,'
458 2033 587 2079 inquit,
607 2033 615 2049 ⁶
631 2035 806 2067 Danaum
824 2044 1007 2078 casusque
1025 2040 1171 2067 tuorum

262 2103 478 2136 erroresque
495 2099 576 2126 tuos
593 2104 602 2133 ;
628 2103 715 2126 nam
734 2099 770 2126 te
788 2091 864 2126 iam
881 2091 1040 2136 septima
1058 2097 1179 2136 portat

263 2149 434 2184 omnibus
452 2156 637 2184 errantem
655 2149 760 2184 terris
778 2156 813 2184 et
832 2148 1003 2183 fluctibus
1022 2149 1170 2184 aestas.'

1471 115 1522 152 23

1456 230 1522 267 725

1457 521 1527 557 730

1456 812 1525 849 735

1453 1103 1524 1137 740

1459 1393 1525 1429 745

1456 1809 1526 1846 750

1455 2101 1521 2137 755
